
@inproceedings{christianson_why_1997,
	title = {Why isn't trust transitive?},
	booktitle = {Security protocols},
	publisher = {Springer},
	author = {Christianson, Bruce and Harbison, William S},
	year = {1997},
	keywords = {Computer Science, Consensus, CSCS 501, PaperNetFT, Security, Trust},
	pages = {171--176}
}