
@article{watts_collective_1998,
	title = {Collective dynamics of ‘small-world’networks},
	volume = {393},
	number = {6684},
	journal = {nature},
	author = {Watts, Duncan J and Strogatz, Steven H},
	year = {1998},
	keywords = {@ Precandidacy, CSCS 501, Networks},
	pages = {440--442},
	file = {393440a0.pdf:/Users/elplatt/Library/Application Support/Zotero/Profiles/bl8m0zcc.default/zotero/storage/HXWJQ6B3/393440a0.pdf:application/pdf}
}

@book{daft_organization_2006,
	title = {Organization theory and design},
	publisher = {Cengage learning},
	author = {Daft, Richard},
	year = {2006},
	keywords = {@ Precandidacy, Decentralization, Organizations}
}

@article{barabasi_scale-free_2009,
	title = {Scale-free networks: a decade and beyond},
	volume = {325},
	number = {5939},
	journal = {Science},
	author = {Barabási, Albert-László and {others}},
	year = {2009},
	keywords = {@ Precandidacy, Networks, PaperNetFT, Scale-Free},
	pages = {412},
	file = {scalefree2009.pdf:/Users/elplatt/Library/Application Support/Zotero/Profiles/bl8m0zcc.default/zotero/storage/AH64UJZD/scalefree2009.pdf:application/pdf}
}

@article{contractor_topology_2012,
	title = {The topology of collective leadership},
	volume = {23},
	number = {6},
	journal = {The Leadership Quarterly},
	author = {Contractor, Noshir S and DeChurch, Leslie A and Carson, Jay and Carter, Dorothy R and Keegan, Brian},
	year = {2012},
	keywords = {@ Precandidacy, Consensus, Decentralization, Networks},
	pages = {994--1011},
	file = {Contractor.DeChurch.Carson.Carter.Keegan.2012 copy.pdf:/Users/elplatt/Library/Application Support/Zotero/Profiles/bl8m0zcc.default/zotero/storage/TGPIUKBQ/Contractor.DeChurch.Carson.Carter.Keegan.2012 copy.pdf:application/pdf}
}

@article{newman_who_2004,
	title = {Who is the best connected scientist? {A} study of scientific coauthorship networks},
	journal = {Complex networks},
	author = {Newman, Mark},
	year = {2004},
	keywords = {@ Precandidacy, Coaffiliation, Networks},
	pages = {337--370},
	file = {0011144.pdf:/Users/elplatt/Library/Application Support/Zotero/Profiles/bl8m0zcc.default/zotero/storage/C87N6ZJ2/0011144.pdf:application/pdf}
}

@article{grim_votes_nodate,
	title = {Votes and {Talk}: {Sorrows} and {Success} in {Representational} {Hierarchy}},
	volume = {2016},
	journal = {Manuscript in preparation},
	author = {Grim, Patrick and Singer, Daniel J and Bramson, Aaron and Berger, William J and Jung, Jiin and Page, Scott},
	keywords = {@ Precandidacy, Consensus, Networks, Voting}
}

@article{robert_when_2015,
	title = {When {Does} {Crowd} {Size} {Matter}? {The} {Influence} of {Diversity} and {Experience} on the {Effects} of {Crowd} {Size}},
	author = {Robert, Lionel and Romero, Daniel},
	year = {2015},
	keywords = {@ Precandidacy, Consensus, Networks, Wikipedia},
	file = {When Does Crowd Size Matters-.pdf:/Users/elplatt/Library/Application Support/Zotero/Profiles/bl8m0zcc.default/zotero/storage/XXINWSRD/When Does Crowd Size Matters-.pdf:application/pdf}
}

@article{eshel_altruists_1998,
	title = {Altruists, {Egoists}, and {Hooligans} in a {Local} {Interaction} {Model}},
	volume = {88},
	number = {1},
	journal = {The American Economic Review},
	author = {Eshel, Ilan and Samuelson, Larry and Shaked, Avner},
	year = {1998},
	keywords = {@ Precandidacy, Consensus, Networks},
	pages = {157--179},
	file = {hooligan.pdf:/Users/elplatt/Library/Application Support/Zotero/Profiles/bl8m0zcc.default/zotero/storage/GKGFQX5V/hooligan.pdf:application/pdf}
}

@article{freeman_centrality_1978,
	title = {Centrality in social networks conceptual clarification},
	volume = {1},
	number = {3},
	journal = {Social networks},
	author = {Freeman, Linton C},
	year = {1978},
	keywords = {@ Precandidacy, Centrality, Networks, PaperNetFT},
	pages = {215--239}
}

@article{granovetter_strength_1973,
	title = {The strength of weak ties},
	journal = {American journal of sociology},
	author = {Granovetter, Mark S},
	year = {1973},
	keywords = {@ Precandidacy, Brokers, Networks},
	pages = {1360--1380}
}

@article{golub_naive_2010,
	title = {Naive learning in social networks and the wisdom of crowds},
	journal = {American Economic Journal: Microeconomics},
	author = {Golub, Benjamin and Jackson, Matthew O},
	year = {2010},
	keywords = {@ Precandidacy, Consensus, Networks, SI 710-05, Social Learning},
	pages = {112--149},
	file = {naivelearning.pdf:/Users/elplatt/Library/Application Support/Zotero/Profiles/bl8m0zcc.default/zotero/storage/AEMFSQ3U/naivelearning.pdf:application/pdf}
}

@article{christakis_social_2013,
	title = {Social contagion theory: examining dynamic social networks and human behavior},
	volume = {32},
	number = {4},
	journal = {Statistics in medicine},
	author = {Christakis, Nicholas A and Fowler, James H},
	year = {2013},
	keywords = {@ Precandidacy, Consensus, Networks},
	pages = {556--577},
	file = {140.pdf:/Users/elplatt/Library/Application Support/Zotero/Profiles/bl8m0zcc.default/zotero/storage/9URA38TA/140.pdf:application/pdf}
}

@article{gao_universal_2016,
	title = {Universal resilience patterns in complex networks},
	volume = {530},
	journal = {Nature},
	author = {Gao, Jianxi and Barzel, Baruch and Barabási, Albert-László},
	year = {2016},
	keywords = {@ Precandidacy, Complex Systems, Networks, Resilience},
	pages = {307--312},
	file = {nature16948.pdf:/Users/elplatt/Library/Application Support/Zotero/Profiles/bl8m0zcc.default/zotero/storage/5GEMWR93/nature16948.pdf:application/pdf}
}

@article{gentry_consensus_1982,
	title = {Consensus as a form of decision making},
	volume = {9},
	journal = {J. Soc. \& Soc. Welfare},
	author = {Gentry, Martha E},
	year = {1982},
	keywords = {@ Precandidacy, Complex Systems, Consensus, CSCS 501},
	pages = {233},
	file = {Consensus as a Form of Decision Making.pdf:/Users/elplatt/Library/Application Support/Zotero/Profiles/bl8m0zcc.default/zotero/storage/GJT4H3WE/Consensus as a Form of Decision Making.pdf:application/pdf}
}

@article{albert_error_2000,
	title = {Error and attack tolerance of complex networks},
	volume = {406},
	number = {6794},
	journal = {Nature},
	author = {Albert, Réka and Jeong, Hawoong and Barabási, Albert-László},
	year = {2000},
	keywords = {@ Precandidacy, CSCS 501, Fault Tolerance, Networks, PaperNetFT, Scale-Free, Security},
	pages = {378--382},
	file = {albert.pdf:/Users/elplatt/Library/Application Support/Zotero/Profiles/bl8m0zcc.default/zotero/storage/MSWSHTGG/albert.pdf:application/pdf}
}

@article{mason_propagation_2008,
	title = {Propagation of innovations in networked groups.},
	volume = {137},
	number = {3},
	journal = {Journal of Experimental Psychology: General},
	author = {Mason, Winter A and Jones, Andy and Goldstone, Robert L},
	year = {2008},
	keywords = {@ Precandidacy, Consensus, Contagion, Experimental, Networks, PaperCI2017, Social Learning},
	pages = {422},
	file = {24837_innovationnetworks.pdf:/Users/elplatt/Library/Application Support/Zotero/Profiles/bl8m0zcc.default/zotero/storage/5BVR9XSP/24837_innovationnetworks.pdf:application/pdf}
}

@book{michels_political_1999,
	address = {New Brunswick, N.J., U.S.A.},
	title = {Political parties a sociological study of the oligarchical tendencies of modern democracy},
	isbn = {978-0-585-33190-4},
	url = {http://search.ebscohost.com/login.aspx?direct=true&scope=site&db=nlebk&db=nlabk&AN=46880},
	language = {English},
	urldate = {2016-01-24},
	publisher = {Transaction Publishers},
	author = {Michels, Robert},
	year = {1999},
	keywords = {@ Precandidacy, Consensus, Networks}
}

@article{mobius_social_2014,
	title = {Social learning in economics},
	volume = {6},
	number = {1},
	journal = {Annu. Rev. Econ.},
	author = {Mobius, Markus and Rosenblat, Tanya},
	year = {2014},
	keywords = {@ Precandidacy, Consensus, Networks, PaperCI2017},
	pages = {827--847}
}

@article{fowler_cooperative_2010,
	title = {Cooperative behavior cascades in human social networks},
	volume = {107},
	number = {12},
	journal = {Proceedings of the National Academy of Sciences},
	author = {Fowler, James H and Christakis, Nicholas A},
	year = {2010},
	keywords = {@ Precandidacy, Consensus, Networks},
	pages = {5334--5338}
}

@article{grim_scientific_2013,
	title = {scientific networks on data landscapes: question difficulty, epistemic success, and convergence},
	volume = {10},
	number = {04},
	journal = {Episteme},
	author = {Grim, Patrick and Singer, Daniel J and Fisher, Steven and Bramson, Aaron and Berger, William J and Reade, Christopher and Flocken, Carissa and Sales, Adam},
	year = {2013},
	keywords = {@ Precandidacy, Complex Systems, Consensus, CSCS 501, Networks, PaperCI2017, Social Learning},
	pages = {441--464},
	file = {scientific_networks.pdf:/Users/elplatt/Library/Application Support/Zotero/Profiles/bl8m0zcc.default/zotero/storage/KNX2MG4U/scientific_networks.pdf:application/pdf}
}

@article{hong_groups_2004,
	title = {Groups of diverse problem solvers can outperform groups of high-ability problem solvers},
	volume = {101},
	number = {46},
	journal = {Proceedings of the National Academy of Sciences of the United States of America},
	author = {Hong, Lu and Page, Scott E},
	year = {2004},
	keywords = {@ Precandidacy, Consensus, Networks},
	pages = {16385--16389},
	file = {PNAS-2004-Hong-16385-9.pdf:/Users/elplatt/Library/Application Support/Zotero/Profiles/bl8m0zcc.default/zotero/storage/36ZSTQUD/PNAS-2004-Hong-16385-9.pdf:application/pdf}
}

@book{benkler_wealth_2006,
	address = {New Haven [Conn.]},
	title = {The wealth of networks: how social production transforms markets and freedom},
	isbn = {978-0-300-11056-2},
	shorttitle = {The wealth of networks},
	publisher = {Yale University Press},
	author = {Benkler, Yochai},
	year = {2006},
	keywords = {@ Precandidacy, Networks},
	file = {Benkler_Wealth_Of_Networks.pdf:/Users/elplatt/Library/Application Support/Zotero/Profiles/bl8m0zcc.default/zotero/storage/JQTK2TRQ/Benkler_Wealth_Of_Networks.pdf:application/pdf}
}

@inproceedings{kittur_harnessing_2008,
	title = {Harnessing the wisdom of crowds in wikipedia: quality through coordination},
	booktitle = {Proceedings of the 2008 {ACM} conference on {Computer} supported cooperative work},
	publisher = {ACM},
	author = {Kittur, Aniket and Kraut, Robert E},
	year = {2008},
	keywords = {@ Precandidacy, Consensus, Networks, Wikipedia},
	pages = {37--46},
	file = {Harnessing the Wisdom of Crowds in Wikipedia- Quality through Coo.pdf:/Users/elplatt/Library/Application Support/Zotero/Profiles/bl8m0zcc.default/zotero/storage/6TD7VVKV/Harnessing the Wisdom of Crowds in Wikipedia- Quality through Coo.pdf:application/pdf}
}

@article{suri_cooperation_2011,
	title = {Cooperation and contagion in web-based, networked public goods experiments},
	volume = {10},
	number = {2},
	journal = {ACM SIGecom Exchanges},
	author = {Suri, Siddharth and Watts, Duncan J},
	year = {2011},
	keywords = {@ Precandidacy, Consensus, Networks},
	pages = {3--8},
	file = {s_w_PLoS_11.pdf:/Users/elplatt/Library/Application Support/Zotero/Profiles/bl8m0zcc.default/zotero/storage/P2VWKEF6/s_w_PLoS_11.pdf:application/pdf}
}

@article{list_epistemic_2001,
	title = {Epistemic democracy: generalizing the {Condorcet} jury theorem},
	volume = {9},
	number = {3},
	journal = {Journal of Political Philosophy},
	author = {List, Christin and Goodin, Robert E},
	year = {2001},
	keywords = {@ Precandidacy, Complex Systems, Consensus, CSCS 501, Networks, Voting},
	pages = {277--306},
	file = {listgoodin.pdf:/Users/elplatt/Library/Application Support/Zotero/Profiles/bl8m0zcc.default/zotero/storage/Z92UBT46/listgoodin.pdf:application/pdf}
}

@article{shaw_laboratories_2014,
	title = {Laboratories of oligarchy? {How} the iron law extends to peer production},
	volume = {64},
	number = {2},
	journal = {Journal of Communication},
	author = {Shaw, Aaron and Hill, Benjamin M},
	year = {2014},
	keywords = {@ Precandidacy, Consensus, Cooperation, CSCS 501, Sociology, Wikipedia},
	pages = {215--238},
	file = {1407.0323.pdf:/Users/elplatt/Library/Application Support/Zotero/Profiles/bl8m0zcc.default/zotero/storage/C3899C98/1407.0323.pdf:application/pdf}
}

@article{nemiroff_group_1975,
	title = {Group decision-making performance as influenced by consensus and self-orientation},
	volume = {28},
	number = {1},
	journal = {Human Relations},
	author = {Nemiroff, Paul M and King, Donald C},
	year = {1975},
	keywords = {@ Precandidacy, Complex Systems, Consensus, CSCS 501},
	pages = {1--21},
	file = {Human Relations-1975-Nemiroff-1-21.pdf:/Users/elplatt/Library/Application Support/Zotero/Profiles/bl8m0zcc.default/zotero/storage/R35CV5ME/Human Relations-1975-Nemiroff-1-21.pdf:application/pdf}
}

@article{silverman_patronage_1965,
	title = {Patronage and community-nation relationships in central {Italy}},
	volume = {4},
	number = {2},
	journal = {Ethnology},
	author = {Silverman, Sydel F},
	year = {1965},
	keywords = {@ Precandidacy, Brokers, Networks},
	pages = {172--189}
}

@article{barkoczi_social_2016,
	title = {Social learning strategies modify the effect of network structure on group performance},
	volume = {7},
	journal = {Nature},
	author = {Barkoczi, Daniel and Galesic, Mirta},
	year = {2016},
	keywords = {@ Precandidacy, Consensus, Networks, PaperCI2017, Social Learning},
	file = {Barkoczi & Galesic (2016) Social learning strategies modify the effect of network structure on group performance [NatureCom].pdf:/Users/elplatt/Library/Application Support/Zotero/Profiles/bl8m0zcc.default/zotero/storage/83UW55A3/Barkoczi & Galesic (2016) Social learning strategies modify the effect of network structure on group performance [NatureCom].pdf:application/pdf}
}

@article{baran_distributed_1964,
	title = {On distributed communications},
	journal = {Volumes I-XI, RAND Corporation Research Documents, August},
	author = {Baran, Paul and {others}},
	year = {1964},
	keywords = {@ Precandidacy, Decentralization, Networks, PaperNetFT},
	pages = {637--648},
	file = {RM3420.pdf:/Users/elplatt/Library/Application Support/Zotero/Profiles/bl8m0zcc.default/zotero/storage/6ZDMX2FD/RM3420.pdf:application/pdf}
}

@article{kearns_experiments_2012,
	title = {Experiments in social computation},
	volume = {55},
	number = {10},
	journal = {Communications of the ACM},
	author = {Kearns, Michael},
	year = {2012},
	keywords = {@ Precandidacy, Consensus, Networks},
	pages = {56--67},
	file = {CACM.pdf:/Users/elplatt/Library/Application Support/Zotero/Profiles/bl8m0zcc.default/zotero/storage/EXKSINBI/CACM.pdf:application/pdf}
}

@article{centola_complex_2007,
	title = {Complex contagions and the weakness of long ties},
	volume = {113},
	number = {3},
	journal = {American journal of Sociology},
	author = {Centola, Damon and Macy, Michael},
	year = {2007},
	keywords = {@ Precandidacy, Contagion, Networks},
	pages = {702--734}
}

@article{kearns_experimental_2006,
	title = {An experimental study of the coloring problem on human subject networks},
	volume = {313},
	number = {5788},
	journal = {Science},
	author = {Kearns, Michael and Suri, Siddharth and Montfort, Nick},
	year = {2006},
	keywords = {@ Precandidacy, Consensus, Networks},
	pages = {824--827},
	file = {Algorithm_design.pdf:/Users/elplatt/Library/Application Support/Zotero/Profiles/bl8m0zcc.default/zotero/storage/HAVX27EI/Algorithm_design.pdf:application/pdf}
}

@phdthesis{detar_intertwinkles:_2013,
	title = {{InterTwinkles}: online tools for non-hierarchical, consensus-oriented decision making},
	school = {Massachusetts Institute of Technology},
	author = {DeTar, Charles Charles Frederick},
	year = {2013},
	keywords = {@ Precandidacy, Consensus},
	file = {cfd-intertwinkles.pdf:/Users/elplatt/Library/Application Support/Zotero/Profiles/bl8m0zcc.default/zotero/storage/MQWC5T8S/cfd-intertwinkles.pdf:application/pdf}
}

@article{kauffman_towards_1987,
	title = {Towards a general theory of adaptive walks on rugged landscapes},
	volume = {128},
	number = {1},
	journal = {Journal of theoretical Biology},
	author = {Kauffman, Stuart and Levin, Simon},
	year = {1987},
	keywords = {@ Precandidacy, Complex Systems, CSCS 511, NK, Optimization, Rugged Landscapes},
	pages = {11--45}
}

@article{cohen_latest_2007,
	title = {The {Latest} on {Virginia} {Tech}, from {Wikipedia}},
	volume = {23},
	journal = {New York Times},
	author = {Cohen, Noam},
	year = {2007},
	keywords = {@ Precandidacy, Wikipedia}
}

@article{lazer_network_2007,
	title = {The network structure of exploration and exploitation},
	volume = {52},
	number = {4},
	journal = {Administrative Science Quarterly},
	author = {Lazer, David and Friedman, Allan},
	year = {2007},
	keywords = {@ Precandidacy, Consensus, Networks, NK, Optimization},
	pages = {667--694}
}

@article{mason_collaborative_2012,
	title = {Collaborative learning in networks},
	volume = {109},
	number = {3},
	journal = {Proceedings of the National Academy of Sciences},
	author = {Mason, Winter and Watts, Duncan J},
	year = {2012},
	keywords = {@ Precandidacy, Consensus, Networks, NK, Optimization, Social Learning},
	pages = {764--769}
}

@article{hong_interpreted_2009,
	title = {Interpreted and generated signals},
	volume = {144},
	number = {5},
	journal = {Journal of Economic Theory},
	author = {Hong, Lu and Page, Scott},
	year = {2009},
	keywords = {@ Precandidacy, Social Learning},
	pages = {2174--2196}
}