
@article{gentry_consensus_1982,
	title = {Consensus as a form of decision making},
	volume = {9},
	journal = {J. Soc. \& Soc. Welfare},
	author = {Gentry, Martha E},
	year = {1982},
	keywords = {CSCS 501, Complex Systems, Consensus, @ Precandidacy, @ Prelim},
	pages = {233},
	file = {Consensus as a Form of Decision Making.pdf:/Users/elplatt/Zotero/storage/GJT4H3WE/Consensus as a Form of Decision Making.pdf:application/pdf}
}

@article{crumley_heterarchy_1995,
	title = {Heterarchy and the analysis of complex societies},
	volume = {6},
	number = {1},
	journal = {Archeological Papers of the American Anthropological Association},
	author = {Crumley, Carole L},
	year = {1995},
	keywords = {Archaeology, Heterarchy, Sociology, Hierarchy, @ Prelim},
	pages = {1--5},
	file = {studentinfo562.pdf:/Users/elplatt/Zotero/storage/H6M6WB3B/studentinfo562.pdf:application/pdf}
}

@article{hong_groups_2004,
	title = {Groups of diverse problem solvers can outperform groups of high-ability problem solvers},
	volume = {101},
	number = {46},
	journal = {Proceedings of the National Academy of Sciences of the United States of America},
	author = {Hong, Lu and Page, Scott E},
	year = {2004},
	keywords = {Consensus, Networks, @ Precandidacy, Voting, @ Prelim},
	pages = {16385--16389},
	file = {PNAS-2004-Hong-16385-9.pdf:/Users/elplatt/Zotero/storage/36ZSTQUD/PNAS-2004-Hong-16385-9.pdf:application/pdf}
}

@inproceedings{kittur_harnessing_2008,
	title = {Harnessing the wisdom of crowds in wikipedia: quality through coordination},
	booktitle = {Proceedings of the 2008 {ACM} conference on {Computer} supported cooperative work},
	publisher = {ACM},
	author = {Kittur, Aniket and Kraut, Robert E},
	year = {2008},
	keywords = {Consensus, Networks, @ Precandidacy, Wikipedia, @ Prelim},
	pages = {37--46},
	file = {Harnessing the Wisdom of Crowds in Wikipedia- Quality through Coo.pdf:/Users/elplatt/Zotero/storage/6TD7VVKV/Harnessing the Wisdom of Crowds in Wikipedia- Quality through Coo.pdf:application/pdf}
}

@article{shaw_laboratories_2014,
	title = {Laboratories of oligarchy? {How} the iron law extends to peer production},
	volume = {64},
	number = {2},
	journal = {Journal of Communication},
	author = {Shaw, Aaron and Hill, Benjamin M},
	year = {2014},
	keywords = {CSCS 501, Consensus, Cooperation, @ Precandidacy, Sociology, Wikipedia, @ Prelim},
	pages = {215--238},
	file = {1407.0323.pdf:/Users/elplatt/Zotero/storage/C3899C98/1407.0323.pdf:application/pdf}
}

@article{barkoczi_social_2016,
	title = {Social learning strategies modify the effect of network structure on group performance},
	volume = {7},
	journal = {Nature},
	author = {Barkoczi, Daniel and Galesic, Mirta},
	year = {2016},
	keywords = {Consensus, Networks, PaperCI2017, @ Precandidacy, Social Learning, @ Prelim},
	file = {Barkoczi & Galesic (2016) Social learning strategies modify the effect of network structure on group performance [NatureCom].pdf:/Users/elplatt/Zotero/storage/83UW55A3/Barkoczi & Galesic (2016) Social learning strategies modify the effect of network structure on group performance [NatureCom].pdf:application/pdf}
}

@article{kearns_experiments_2012,
	title = {Experiments in social computation},
	volume = {55},
	number = {10},
	journal = {Communications of the ACM},
	author = {Kearns, Michael},
	year = {2012},
	keywords = {Consensus, Networks, @ Precandidacy, @ Prelim},
	pages = {56--67},
	file = {CACM.pdf:/Users/elplatt/Zotero/storage/EXKSINBI/CACM.pdf:application/pdf}
}

@phdthesis{detar_intertwinkles:_2013,
	title = {{InterTwinkles}: online tools for non-hierarchical, consensus-oriented decision making},
	school = {Massachusetts Institute of Technology},
	author = {DeTar, Charles Charles Frederick},
	year = {2013},
	keywords = {Consensus, @ Precandidacy, Voting, Platforms, @ Prelim},
	file = {cfd-intertwinkles.pdf:/Users/elplatt/Zotero/storage/MQWC5T8S/cfd-intertwinkles.pdf:application/pdf}
}

@article{boehm_egalitarian_1993,
	title = {Egalitarian behavior and reverse dominance hierarchy [and comments and reply]},
	volume = {34},
	number = {3},
	journal = {Current Anthropology},
	author = {Boehm, Christopher and Barclay, Harold B and Dentan, Robert Knox and Dupre, Marie-Claude and Hill, Jonathan D and Kent, Susan and Knauft, Bruce M and Otterbein, Keith F and Rayner, Steve},
	year = {1993},
	keywords = {@ To Read, Hierarchy, @ Prelim, Social Rank, Anthropology},
	pages = {227--254},
	file = {Egalitarian Behavior Boehm.pdf:/Users/elplatt/Zotero/storage/K7AFXLT2/Egalitarian Behavior Boehm.pdf:application/pdf}
}

@inproceedings{kling_voting_2015,
	title = {Voting {Behaviour} and {Power} in {Online} {Democracy}: {A} {Study} of {LiquidFeedback} in {Germany}'s {Pirate} {Party}},
	booktitle = {Ninth {International} {AAAI} {Conference} on {Web} and {Social} {Media}},
	author = {Kling, Christoph Carl and Kunegis, Jérôme and Hartmann, Heinrich and Strohmaier, Markus and Staab, Steffen},
	year = {2015},
	keywords = {Voting, Hierarchy, Platforms, Empirical, @ Prelim}
}

@article{anderson_epistemology_2006,
	title = {The epistemology of democracy},
	volume = {3},
	number = {1-2},
	journal = {Episteme},
	author = {Anderson, Elizabeth},
	year = {2006},
	keywords = {Consensus, Voting, @ Prelim},
	pages = {8--22},
	file = {project_muse_209431.pdf:/Users/elplatt/Zotero/storage/C52AHQKC/project_muse_209431.pdf:application/pdf}
}

@book{weber_economy_1978,
	title = {Economy and society: {An} outline of interpretive sociology},
	volume = {1},
	publisher = {Univ of California Press},
	author = {Weber, Max},
	year = {1978},
	keywords = {Sociology, Hierarchy, @ Prelim, Bureaucracy}
}

@article{gray_home_2015,
	title = {Home care by self-governing nursing teams: the {Netherlands}’ {Buurtzorg} model},
	journal = {The Commonwealth Fund},
	author = {Gray, Bradford H and Sarnak, Dana O and Burgers, Jako S},
	year = {2015},
	keywords = {@ Prelim, Case Studies, Self-Organization},
	file = {2000250-Home-Care-by-Self-Governing-Nursing-Teams-The-Netherlands'-Buurtzorg-Model.pdf:/Users/elplatt/Zotero/storage/UVLP5E7U/2000250-Home-Care-by-Self-Governing-Nursing-Teams-The-Netherlands'-Buurtzorg-Model.pdf:application/pdf}
}

@inproceedings{forte_scaling_2008,
	title = {Scaling consensus: {Increasing} decentralization in {Wikipedia} governance},
	booktitle = {Hawaii {International} {Conference} on {System} {Sciences}, {Proceedings} of the 41st {Annual}},
	publisher = {IEEE},
	author = {Forte, Andrea and Bruckman, Amy},
	year = {2008},
	keywords = {Consensus, Decentralization, Wikipedia, Hierarchy, @ Prelim, Bureaucracy},
	pages = {157--157},
	file = {ForteBruckmanScalingConsensus.pdf:/Users/elplatt/Zotero/storage/Y4MQRMR8/ForteBruckmanScalingConsensus.pdf:application/pdf}
}

@inproceedings{romero_coordination_2015,
	title = {Coordination and {Efficiency} in {Decentralized} {Collaboration}.},
	booktitle = {{ICWSM}},
	author = {Romero, Daniel M and Huttenlocher, Dan and Kleinberg, Jon M},
	year = {2015},
	keywords = {Decentralization, Wikipedia, @ Prelim, Github, Collaboration},
	pages = {367--376},
	file = {decentralized_collaboration.pdf:/Users/elplatt/Zotero/storage/62RGIWG7/decentralized_collaboration.pdf:application/pdf}
}

@article{ostrom_beyond_2010,
	title = {Beyond markets and states: polycentric governance of complex economic systems},
	volume = {2},
	number = {2},
	journal = {Transnational Corporations Review},
	author = {Ostrom, Elinor},
	year = {2010},
	keywords = {Decentralization, Decision-making, Economics, Heterarchy, @ Prelim},
	pages = {1--12}
}

@article{clinton_statistical_2004,
	title = {The statistical analysis of roll call data},
	volume = {98},
	number = {2},
	journal = {American Political Science Review},
	author = {Clinton, Joshua and Jackman, Simon and Rivers, Douglas},
	year = {2004},
	keywords = {Decision-making, Social choice, @ Prelim, Political science},
	pages = {355--370},
	file = {statistical_analysis_of_roll_call_data.pdf:/Users/elplatt/Zotero/storage/ALVB2XZY/statistical_analysis_of_roll_call_data.pdf:application/pdf}
}

@article{davis_expository_1970,
	title = {An expository development of a mathematical model of the electoral process},
	volume = {64},
	number = {2},
	journal = {American Political Science Review},
	author = {Davis, Otto A and Hinich, Melvin J and Ordeshook, Peter C},
	year = {1970},
	keywords = {Decision-making, Social choice, @ Prelim, Political science},
	pages = {426--448},
	file = {1953842.pdf:/Users/elplatt/Zotero/storage/EGABEQTK/1953842.pdf:application/pdf}
}

@inproceedings{lee_crowdsourcing_2014,
	title = {Crowdsourcing for participatory democracies: {Efficient} elicitation of social choice functions},
	booktitle = {Second {AAAI} {Conference} on {Human} {Computation} and {Crowdsourcing}},
	author = {Lee, David Timothy and Goel, Ashish and Aitamurto, Tanja and Landemore, Helene},
	year = {2014},
	keywords = {Decision-making, Social choice, @ Prelim, Algorithms}
}

@book{arrow_social_2012,
	title = {Social choice and individual values},
	volume = {12},
	publisher = {Yale university press},
	author = {Arrow, Kenneth J},
	year = {2012},
	keywords = {@ Precandidacy, @ Prelim, Consensus, Economics, Social choice}
}

@article{kittur_power_2007,
	title = {Power of the few vs. wisdom of the crowd: {Wikipedia} and the rise of the bourgeoisie},
	volume = {1},
	number = {2},
	journal = {World wide web},
	author = {Kittur, Aniket and Chi, Ed and Pendleton, Bryan A and Suh, Bongwon and Mytkowicz, Todd},
	year = {2007},
	keywords = {Consensus, Wikipedia, @ Prelim},
	pages = {19},
	file = {Power_of_the_Few_vs_Wisdom_of_the_Crowd_Wikipedia_.pdf:/Users/elplatt/Zotero/storage/QILIPAKR/Power_of_the_Few_vs_Wisdom_of_the_Crowd_Wikipedia_.pdf:application/pdf}
}

@inproceedings{kittur_he_2007,
	title = {He says, she says: conflict and coordination in {Wikipedia}},
	booktitle = {Proceedings of the {SIGCHI} conference on {Human} factors in computing systems},
	publisher = {ACM},
	author = {Kittur, Aniket and Suh, Bongwon and Pendleton, Bryan A and Chi, Ed H},
	year = {2007},
	keywords = {Consensus, Wikipedia, @ Prelim},
	pages = {453--462},
	file = {He_Says_She_Says_Conflict_and_Coordination_in_Wiki.pdf:/Users/elplatt/Zotero/storage/4S4VTCMA/He_Says_She_Says_Conflict_and_Coordination_in_Wiki.pdf:application/pdf}
}

@inproceedings{kittur_coordination_2009,
	title = {Coordination in collective intelligence: the role of team structure and task interdependence},
	booktitle = {Proceedings of the {SIGCHI} conference on human factors in computing systems},
	publisher = {ACM},
	author = {Kittur, Aniket and Lee, Bryant and Kraut, Robert E},
	year = {2009},
	keywords = {Consensus, Wikipedia, @ Prelim},
	pages = {1495--1504},
	file = {p1495-kittur.pdf:/Users/elplatt/Zotero/storage/HNTJ667J/p1495-kittur.pdf:application/pdf}
}

@inproceedings{goel_triadic_2012,
	title = {Triadic consensus},
	booktitle = {Proc. 8th {Workshop} {Internet} and {Network} {Econ}},
	publisher = {Springer},
	author = {Goel, Ashish and Lee, David},
	year = {2012},
	keywords = {Consensus, Decision-making, Social choice, @ Prelim},
	pages = {434--447}
}

@article{brandt_computational_2012,
	title = {Computational social choice},
	journal = {Multiagent systems},
	author = {Brandt, Felix and Conitzer, Vincent and Endriss, Ulle},
	year = {2012},
	keywords = {@ Precandidacy, @ Prelim, Social choice},
	pages = {213--283}
}

@article{salganik_wiki_2015,
	title = {Wiki surveys: {Open} and quantifiable social data collection},
	volume = {10},
	number = {5},
	journal = {PloS one},
	author = {Salganik, Matthew J and Levy, Karen EC},
	year = {2015},
	keywords = {@ Prelim},
	pages = {e0123483},
	file = {out.pdf:/Users/elplatt/Zotero/storage/HH5IF9XQ/out.pdf:application/pdf}
}

@inproceedings{goel_towards_2016,
	title = {Towards large-scale deliberative decision-making: {Small} groups and the importance of triads},
	booktitle = {Proceedings of the 2016 {ACM} {Conference} on {Economics} and {Computation}},
	publisher = {ACM},
	author = {Goel, Ashish and Lee, David T},
	year = {2016},
	keywords = {Consensus, Decision-making, Voting, @ Prelim},
	pages = {287--303}
}

@book{butler_conflict_2007,
	title = {On conflict and consensus: {A} handbook on formal consensus decisionmaking},
	publisher = {Creative Commons},
	author = {Butler, CT Lawrence and Rothstein, Amy},
	year = {2007},
	keywords = {Consensus, Decision-making, @ Prelim}
}

@inproceedings{keegan_evolution_2017,
	title = {The {Evolution} and {Consequences} of {Peer} {Producing} {Wikipedia}'s {Rules}},
	booktitle = {{ICWSM}},
	author = {Keegan, Brian and Fiesler, Casey},
	year = {2017},
	keywords = {@ Precandidacy, Wikipedia, @ Prelim, Collaboration}
}

@article{fjermestad_assessment_1998,
	title = {An assessment of group support systems experimental research: methodology and results},
	volume = {15},
	number = {3},
	journal = {Journal of Management Information Systems},
	author = {Fjermestad, Jerry and Hiltz, Starr Roxanne},
	year = {1998},
	keywords = {@ Prelim, CSCW, Decision-making},
	pages = {7--149}
}

@book{hacker_digital_2000,
	title = {Digital democracy: {Issues} of theory and practice},
	publisher = {Sage},
	author = {Hacker, Kenneth L and van Dijk, Jan},
	year = {2000},
	keywords = {@ Prelim, Consensus, Decision-making, Voting}
}