
@article{lua_survey_2005,
	title = {A survey and comparison of peer-to-peer overlay network schemes},
	volume = {7},
	number = {2},
	journal = {Communications Surveys \& Tutorials, IEEE},
	author = {Lua, Eng Keong and Crowcroft, Jon and Pias, Marcelo and Sharma, Ritu and Lim, Sharon},
	year = {2005},
	keywords = {Networks, PaperNetFT},
	pages = {72--93}
}

@article{nakamoto_bitcoin:_2008,
	title = {Bitcoin: {A} peer-to-peer electronic cash system},
	journal = {bitcoin.org},
	author = {Nakamoto, Satoshi},
	year = {2008},
	keywords = {Complex Systems, Computer Science, Consensus, CSCS 501, IC2S2 2016, PaperNetFT},
	pages = {28},
	file = {Bitcoin paper Original.pdf:/Users/elplatt/Library/Application Support/Zotero/Profiles/hlj2ov1l.default/zotero/storage/RFCKK4TR/Bitcoin paper Original.pdf:application/pdf}
}

@book{kshemkalyani_distributed_2008,
	title = {Distributed computing: principles, algorithms, and systems},
	publisher = {Cambridge University Press},
	author = {Kshemkalyani, Ajay D and Singhal, Mukesh},
	year = {2008},
	keywords = {Complex Systems, Computer Science, Consensus, CSCS 501, PaperNetFT, Parallel Computing}
}

@article{barabasi_emergence_1999,
	title = {Emergence of scaling in random networks},
	volume = {286},
	number = {5439},
	journal = {science},
	author = {Barabási, Albert-László and Albert, Réka},
	year = {1999},
	keywords = {Networks, PaperNetFT, Scale-Free},
	pages = {509--512},
	file = {scalefree1999.pdf:/Users/elplatt/Library/Application Support/Zotero/Profiles/hlj2ov1l.default/zotero/storage/2TKHWH2A/scalefree1999.pdf:application/pdf}
}

@article{albert_error_2000,
	title = {Error and attack tolerance of complex networks},
	volume = {406},
	number = {6794},
	journal = {nature},
	author = {Albert, Réka and Jeong, Hawoong and Barabási, Albert-László},
	year = {2000},
	keywords = {CSCS 501, Fault Tolerance, Networks, PaperNetFT, Scale-Free, Security},
	pages = {378--382},
	file = {albert.pdf:/Users/elplatt/Library/Application Support/Zotero/Profiles/hlj2ov1l.default/zotero/storage/MSWSHTGG/albert.pdf:application/pdf}
}

@article{qadir_exploiting_2015,
	title = {Exploiting the power of multiplicity: a holistic survey of network-layer multipath},
	volume = {17},
	number = {4},
	journal = {Communications Surveys \& Tutorials, IEEE},
	author = {Qadir, Junaid and Ali, Anwaar and Yau, Kok-Lim Alvin and Sathiaseelan, Arjuna and Crowcroft, Jon},
	year = {2015},
	keywords = {Fault Tolerance, Multipath, Networks, PaperNetFT, Security},
	pages = {2176--2213},
	file = {NLMultipathing.R1.pdf:/Users/elplatt/Library/Application Support/Zotero/Profiles/hlj2ov1l.default/zotero/storage/HUREPVSH/NLMultipathing.R1.pdf:application/pdf}
}

@article{lou_h-spread:_2006,
	title = {H-{SPREAD}: a hybrid multipath scheme for secure and reliable data collection in wireless sensor networks},
	volume = {55},
	number = {4},
	journal = {Vehicular Technology, IEEE Transactions on},
	author = {Lou, Wenjing and Kwon, Younggoo},
	year = {2006},
	keywords = {Fault Tolerance, Multipath, Networks, PaperNetFT, Security},
	pages = {1320--1330},
	file = {lou.pdf:/Users/elplatt/Library/Application Support/Zotero/Profiles/hlj2ov1l.default/zotero/storage/ZKJGGRED/lou.pdf:application/pdf}
}

@article{kohno_improvement_2012,
	title = {Improvement of assurance including security for wireless sensor networks using dispersed data transmission},
	volume = {78},
	number = {6},
	journal = {Journal of Computer and System Sciences},
	author = {Kohno, Eitaro and Okazaki, Tomoya and Takeuchi, Mario and Ohta, Tomoyuki and Kakuda, Yoshiaki and Aida, Masaki},
	year = {2012},
	keywords = {Fault Tolerance, Multipath, Networks, PaperNetFT, Security},
	pages = {1703--1715},
	file = {khono.pdf:/Users/elplatt/Library/Application Support/Zotero/Profiles/hlj2ov1l.default/zotero/storage/3QKBWT8E/khono.pdf:application/pdf}
}

@article{ye_improving_2008,
	title = {Improving wireless security through network diversity},
	volume = {39},
	number = {1},
	journal = {ACM SIGCOMM Computer Communication Review},
	author = {Ye, Tao and Veitch, Darryl and Bolot, Jean},
	year = {2008},
	keywords = {Fault Tolerance, Multipath, Networks, PaperNetFT, Security},
	pages = {34--44},
	file = {ye.pdf:/Users/elplatt/Library/Application Support/Zotero/Profiles/hlj2ov1l.default/zotero/storage/C7SDJ5AU/ye.pdf:application/pdf}
}

@article{baran_distributed_1964,
	title = {On distributed communications},
	journal = {Volumes I-XI, RAND Corporation Research Documents, August},
	author = {Baran, Paul and {others}},
	year = {1964},
	keywords = {Decentralization, Networks, PaperNetFT},
	pages = {637--648},
	file = {RM3420.pdf:/Users/elplatt/Library/Application Support/Zotero/Profiles/hlj2ov1l.default/zotero/storage/6ZDMX2FD/RM3420.pdf:application/pdf}
}

@article{hunter_pakistan_2008,
	title = {Pakistan {YouTube} block exposes fundamental internet security weakness: {Concern} that pakistani action affected youtube access elsewhere in world},
	volume = {2008},
	number = {4},
	journal = {Computer Fraud \& Security},
	author = {Hunter, Philip},
	year = {2008},
	keywords = {Censorship, Networks, PaperNetFT, Security},
	pages = {10--11}
}

@book{king_ppcoin:_2012,
	title = {Ppcoin: {Peer}-to-peer crypto-currency with proof-of-stake},
	publisher = {August},
	author = {King, Sunny and Nadal, Scott},
	year = {2012},
	keywords = {Complex Systems, Computer Science, Consensus, CSCS 501, PaperNetFT},
	file = {peercoin-paper.pdf:/Users/elplatt/Library/Application Support/Zotero/Profiles/hlj2ov1l.default/zotero/storage/45ER68KM/peercoin-paper.pdf:application/pdf}
}

@inproceedings{castro_practical_1999,
	title = {Practical {Byzantine} fault tolerance},
	volume = {99},
	booktitle = {{OSDI}},
	author = {Castro, Miguel and Liskov, Barbara and {others}},
	year = {1999},
	keywords = {Complex Systems, Computer Science, Consensus, CSCS 501, IC2S2 2016, PaperNetFT},
	pages = {173--186},
	file = {Practical_Byzantine_fault_tolerance.pdf:/Users/elplatt/Library/Application Support/Zotero/Profiles/hlj2ov1l.default/zotero/storage/9FEQQ6X6/Practical_Byzantine_fault_tolerance.pdf:application/pdf}
}

@book{ferguson_practical_2003,
	address = {New York},
	title = {Practical cryptography},
	isbn = {978-0-471-22894-3 978-0-471-22357-3},
	publisher = {Wiley},
	author = {Ferguson, Niels and Schneier, Bruce},
	year = {2003},
	keywords = {Cryptography, IC2S2 2016, PaperNetFT, Security}
}

@inproceedings{dwork_pricing_1993,
	title = {Pricing via processing or combatting junk mail},
	booktitle = {Advances in {Cryptology}—{CRYPTO}’92},
	publisher = {Springer},
	author = {Dwork, Cynthia and Naor, Moni},
	year = {1993},
	keywords = {Complex Systems, Computer Science, Consensus, CSCS 501, PaperNetFT},
	pages = {139--147},
	file = {DworkNaor.pdf:/Users/elplatt/Library/Application Support/Zotero/Profiles/hlj2ov1l.default/zotero/storage/TFN4M83W/DworkNaor.pdf:application/pdf}
}

@article{sterbenz_resilience_2010,
	title = {Resilience and survivability in communication networks: {Strategies}, principles, and survey of disciplines},
	volume = {54},
	number = {8},
	journal = {Computer Networks},
	author = {Sterbenz, James PG and Hutchison, David and Çetinkaya, Egemen K and Jabbar, Abdul and Rohrer, Justin P and Schöller, Marcus and Smith, Paul},
	year = {2010},
	keywords = {Fault Tolerance, Networks, PaperNetFT, Security},
	pages = {1245--1265},
	file = {resilience.pdf:/Users/elplatt/Library/Application Support/Zotero/Profiles/hlj2ov1l.default/zotero/storage/FM56RQT2/resilience.pdf:application/pdf}
}

@article{barabasi_scale-free_2009,
	title = {Scale-free networks: a decade and beyond},
	volume = {325},
	number = {5939},
	journal = {science},
	author = {Barabási, Albert-László and {others}},
	year = {2009},
	keywords = {Networks, PaperNetFT, Scale-Free},
	pages = {412},
	file = {scalefree2009.pdf:/Users/elplatt/Library/Application Support/Zotero/Profiles/hlj2ov1l.default/zotero/storage/AH64UJZD/scalefree2009.pdf:application/pdf}
}

@article{liu_secure_2012,
	title = {Secure and energy-efficient disjoint multipath routing for {WSNs}},
	volume = {61},
	number = {7},
	journal = {Vehicular Technology, IEEE Transactions on},
	author = {Liu, Anfeng and Zheng, Zhongming and Zhang, Chao and Chen, Zhigang and Shen, Xuemin},
	year = {2012},
	keywords = {Fault Tolerance, Multipath, Networks, PaperNetFT, Security},
	pages = {3255--3265},
	file = {liu.pdf:/Users/elplatt/Library/Application Support/Zotero/Profiles/hlj2ov1l.default/zotero/storage/KXXC45AX/liu.pdf:application/pdf}
}

@article{alrajeh_secure_2013,
	title = {Secure ant-based routing protocol for wireless sensor network},
	volume = {2013},
	journal = {International Journal of Distributed Sensor Networks},
	author = {Alrajeh, Nabil Ali and Alabed, Mohamad Souheil and Elwahiby, Mohamed Shaaban},
	year = {2013},
	keywords = {Fault Tolerance, Multipath, Networks, PaperNetFT, Security},
	file = {alrajeh.pdf:/Users/elplatt/Library/Application Support/Zotero/Profiles/hlj2ov1l.default/zotero/storage/3UIH4SAU/alrajeh.pdf:application/pdf}
}

@book{prabhakaran_secure_2013,
	title = {Secure multi-party computation},
	volume = {10},
	publisher = {IOS press},
	author = {Prabhakaran, Manoj M},
	year = {2013},
	keywords = {IC2S2 2016, PaperNetFT}
}

@book{mazieres_stellar_2015,
	title = {Stellar {Consensus} {Protocol}: {A} {Federated} {Model} for {Internet}-level {Consensus}},
	author = {Mazières, David},
	year = {2015},
	keywords = {Complex Systems, Computer Science, Consensus, CSCS 501, IC2S2 2016, PaperNetFT},
	file = {stellar-consensus-protocol.pdf:/Users/elplatt/Library/Application Support/Zotero/Profiles/hlj2ov1l.default/zotero/storage/65JKDZFW/stellar-consensus-protocol.pdf:application/pdf}
}

@book{korzun_structured_2013,
	address = {New York, NY},
	title = {Structured peer-to-peer systems: fundamentals of hierarchical organization, routing, scaling, and security},
	isbn = {978-1-4614-5483-0 978-1-4614-5482-3},
	shorttitle = {Structured peer-to-peer systems},
	language = {eng},
	publisher = {Springer},
	author = {Korzun, Dmitry and Gurtov, Andrei},
	year = {2013},
	keywords = {IC2S2 2016, Networks, PaperNetFT, Peer-to-Peer-Netz},
	file = {bok%3A978-1-4614-5483-0.pdf:/Users/elplatt/Library/Application Support/Zotero/Profiles/hlj2ov1l.default/zotero/storage/Z23UW7JG/bok%3A978-1-4614-5483-0.pdf:application/pdf}
}

@article{zin_survey_2015,
	title = {Survey of secure multipath routing protocols for {WSNs}},
	volume = {55},
	journal = {Journal of Network and Computer Applications},
	author = {Zin, Shazana Md and Anuar, Nor Badrul and Kiah, Miss Laiha Mat Mat and Ahmedy, Ismail},
	year = {2015},
	keywords = {Fault Tolerance, Multipath, Networks, PaperNetFT, Security},
	pages = {123--153}
}

@article{ellison_ten_2000,
	title = {Ten risks of {PKI}: {What} you're not being told about public key infrastructure},
	volume = {16},
	number = {1},
	journal = {Comput Secur J},
	author = {Ellison, Carl and Schneier, Bruce},
	year = {2000},
	keywords = {Cryptography, Networks, PaperNetFT, PKI, Security},
	pages = {1--7},
	file = {pki-risks.pdf:/Users/elplatt/Library/Application Support/Zotero/Profiles/hlj2ov1l.default/zotero/storage/Z6B7JJG9/pki-risks.pdf:application/pdf}
}

@article{lamport_byzantine_1982,
	title = {The {Byzantine} generals problem},
	volume = {4},
	number = {3},
	journal = {ACM Transactions on Programming Languages and Systems (TOPLAS)},
	author = {Lamport, Leslie and Shostak, Robert and Pease, Marshall},
	year = {1982},
	keywords = {Complex Systems, Computer Science, Consensus, CSCS 501, IC2S2 2016, PaperNetFT},
	pages = {382--401},
	file = {byz.pdf:/Users/elplatt/Library/Application Support/Zotero/Profiles/hlj2ov1l.default/zotero/storage/88PKR4MH/byz.pdf:application/pdf}
}

@book{zimmermann_official_1995,
	title = {The official {PGP} user's guide},
	publisher = {MIT press},
	author = {Zimmermann, Philip R},
	year = {1995},
	keywords = {Decentralization, Networks, PaperNetFT, Security, Web of Trust}
}

@article{khalil_unmask:_2010,
	title = {{UnMask}: {Utilizing} neighbor monitoring for attack mitigation in multihop wireless sensor networks},
	volume = {8},
	number = {2},
	journal = {Ad Hoc Networks},
	author = {Khalil, Issa and Bagchi, Saurabh and Rotaru, Cristina N and Shroff, Ness B},
	year = {2010},
	keywords = {Fault Tolerance, Multipath, Networks, PaperNetFT, Security},
	pages = {148--164}
}

@article{mack_why_1975,
	title = {Why big nations lose small wars: {The} politics of asymmetric conflict},
	volume = {27},
	number = {02},
	journal = {World Politics},
	author = {Mack, Andrew},
	year = {1975},
	keywords = {PaperNetFT, Security, Stablizing Asymmetry},
	pages = {175--200},
	file = {-Why Big Nations-.pdf:/Users/elplatt/Library/Application Support/Zotero/Profiles/hlj2ov1l.default/zotero/storage/FTQ5XBAX/-Why Big Nations-.pdf:application/pdf}
}

@inproceedings{christianson_why_1997,
	title = {Why isn't trust transitive?},
	booktitle = {Security protocols},
	publisher = {Springer},
	author = {Christianson, Bruce and Harbison, William S},
	year = {1997},
	keywords = {Computer Science, Consensus, CSCS 501, IC2S2 2016, PaperNetFT, Security, Trust},
	pages = {171--176},
	file = {Why Trust Isn't Transitive.pdf:/Users/elplatt/Library/Application Support/Zotero/Profiles/hlj2ov1l.default/zotero/storage/IE4FRB7Q/Why Trust Isn't Transitive.pdf:application/pdf}
}