
@inproceedings{clarke_freenet:_2001,
	title = {Freenet: {A} distributed anonymous information storage and retrieval system},
	booktitle = {Designing {Privacy} {Enhancing} {Technologies}},
	publisher = {Springer},
	author = {Clarke, Ian and Sandberg, Oskar and Wiley, Brandon and Hong, Theodore W},
	year = {2001},
	keywords = {@ PaperNetFT, Censorship, Freenet, Networks, Small-World},
	pages = {46--66}
}

@article{elmer-dewitt_first_1993,
	title = {First nation in cyberspace},
	volume = {6},
	journal = {Time},
	author = {Elmer-Dewitt, Philip and Jackson, D},
	year = {1993},
	keywords = {@ PaperNetFT, Censorship, Networks},
	pages = {62--64}
}

@article{barabasi_emergence_1999,
	title = {Emergence of scaling in random networks},
	volume = {286},
	number = {5439},
	journal = {Science},
	author = {Barabási, Albert-László and Albert, Réka},
	year = {1999},
	keywords = {@ PaperNetFT, Networks, Scale-Free},
	pages = {509--512},
	file = {scalefree1999.pdf:/Users/elplatt/Zotero/storage/2TKHWH2A/scalefree1999.pdf:application/pdf}
}

@article{barabasi_scale-free_2009,
	title = {Scale-free networks: a decade and beyond},
	volume = {325},
	number = {5939},
	journal = {Science},
	author = {Barabási, Albert-László and {others}},
	year = {2009},
	keywords = {@ PaperNetFT, @ Precandidacy, Networks, Scale-Free},
	pages = {412},
	file = {scalefree2009.pdf:/Users/elplatt/Zotero/storage/AH64UJZD/scalefree2009.pdf:application/pdf}
}

@article{blakley_safeguarding_1979,
	title = {Safeguarding cryptographic keys},
	volume = {48},
	journal = {P Natl Comp Conf},
	author = {Blakley, George Robert},
	year = {1979},
	keywords = {@ PaperNetFT, Cryptography, Secret sharing},
	pages = {313--317}
}

@book{prabhakaran_secure_2013,
	title = {Secure multi-party computation},
	volume = {10},
	publisher = {IOS press},
	author = {Prabhakaran, Manoj M},
	year = {2013},
	keywords = {@ PaperNetFT, IC2S2 2016}
}

@techreport{dingledine_tor:_2004,
	title = {Tor: {The} second-generation onion router},
	institution = {DTIC Document},
	author = {Dingledine, Roger and Mathewson, Nick and Syverson, Paul},
	year = {2004},
	keywords = {@ PaperNetFT, Privacy, Surveillance, Tor}
}

@article{alrajeh_secure_2013,
	title = {Secure ant-based routing protocol for wireless sensor network},
	volume = {2013},
	journal = {Int J Distrib Sens N},
	author = {Alrajeh, Nabil Ali and Alabed, Mohamad Souheil and Elwahiby, Mohamed Shaaban},
	year = {2013},
	keywords = {@ PaperNetFT, Fault Tolerance, Multipath, Networks, Security},
	file = {alrajeh.pdf:/Users/elplatt/Zotero/storage/3UIH4SAU/alrajeh.pdf:application/pdf}
}

@article{poulsen_edward_2013,
	title = {Edward {Snowden}’s e-mail provider defied {FBI} demands to turn over crypto keys, documents show.},
	journal = {WIRED},
	author = {Poulsen, K},
	year = {2013},
	keywords = {@ PaperNetFT, Censorship, Surveillance}
}

@book{ferguson_practical_2003,
	address = {New York},
	title = {Practical cryptography},
	isbn = {978-0-471-22894-3 978-0-471-22357-3},
	publisher = {Wiley},
	author = {Ferguson, Niels and Schneier, Bruce},
	year = {2003},
	keywords = {@ PaperNetFT, Cryptography, IC2S2 2016, Security}
}

@inproceedings{christianson_why_1997,
	title = {Why isn't trust transitive?},
	booktitle = {Security protocols},
	publisher = {Springer},
	author = {Christianson, Bruce and Harbison, William S},
	year = {1997},
	keywords = {@ PaperNetFT, Computer Science, Consensus, CSCS 501, IC2S2 2016, Security, Trust},
	pages = {171--176},
	file = {Why Trust Isn't Transitive.pdf:/Users/elplatt/Zotero/storage/IE4FRB7Q/Why Trust Isn't Transitive.pdf:application/pdf}
}

@article{khalil_unmask:_2010,
	title = {{UnMask}: {Utilizing} neighbor monitoring for attack mitigation in multihop wireless sensor networks},
	volume = {8},
	number = {2},
	journal = {Ad Hoc Networks},
	author = {Khalil, Issa and Bagchi, Saurabh and Rotaru, Cristina N and Shroff, Ness B},
	year = {2010},
	keywords = {@ PaperNetFT, Fault Tolerance, Multipath, Networks, Security},
	pages = {148--164}
}

@inproceedings{dwork_pricing_1993,
	title = {Pricing via processing or combatting junk mail},
	booktitle = {Advances in {Cryptology}},
	publisher = {Springer},
	author = {Dwork, Cynthia and Naor, Moni},
	year = {1993},
	keywords = {@ PaperNetFT, Complex Systems, Computer Science, Consensus, CSCS 501},
	pages = {139--147},
	file = {DworkNaor.pdf:/Users/elplatt/Zotero/storage/TFN4M83W/DworkNaor.pdf:application/pdf}
}

@inproceedings{kleinberg_small-world_2000,
	title = {The small-world phenomenon: {An} algorithmic perspective},
	booktitle = {{STOC}},
	publisher = {ACM},
	author = {Kleinberg, Jon},
	year = {2000},
	keywords = {@ PaperNetFT, Computer Science, Consensus, CSCS 501, Networks},
	pages = {163--170},
	file = {Kleinberg.pdf:/Users/elplatt/Zotero/storage/2DPC25V8/Kleinberg.pdf:application/pdf}
}

@article{freeman_centrality_1978,
	title = {Centrality in social networks conceptual clarification},
	volume = {1},
	number = {3},
	journal = {Social networks},
	author = {Freeman, Linton C},
	year = {1978},
	keywords = {@ PaperNetFT, @ Precandidacy, Centrality, Networks},
	pages = {215--239}
}

@article{ye_improving_2008,
	title = {Improving wireless security through network diversity},
	volume = {39},
	number = {1},
	journal = {SIGCOMM},
	author = {Ye, Tao and Veitch, Darryl and Bolot, Jean},
	year = {2008},
	keywords = {@ PaperNetFT, Fault Tolerance, Multipath, Networks, Security},
	pages = {34--44},
	file = {ye.pdf:/Users/elplatt/Zotero/storage/C7SDJ5AU/ye.pdf:application/pdf}
}

@article{mack_why_1975,
	title = {Why big nations lose small wars: {The} politics of asymmetric conflict},
	volume = {27},
	number = {02},
	journal = {World Politics},
	author = {Mack, Andrew},
	year = {1975},
	keywords = {@ PaperNetFT, Security, Stablizing Asymmetry},
	pages = {175--200},
	file = {-Why Big Nations-.pdf:/Users/elplatt/Zotero/storage/FTQ5XBAX/-Why Big Nations-.pdf:application/pdf}
}

@article{reiter_resilient_1998,
	title = {Resilient authentication using path independence},
	volume = {47},
	number = {12},
	journal = {IEEE T Comput},
	author = {Reiter, Michael K and Stubblebine, Stuart G},
	year = {1998},
	keywords = {@ PaperNetFT, Fault Tolerance, Independent Paths, Networks, Privacy, Security, Web of Trust},
	pages = {1351--1362},
	file = {ToC.pdf:/Users/elplatt/Zotero/storage/HAWXWUSC/ToC.pdf:application/pdf}
}

@article{von_neumann_probabilistic_1956,
	title = {Probabilistic logics and the synthesis of reliable organisms from unreliable components},
	volume = {34},
	journal = {Automata studies},
	author = {Von Neumann, John},
	year = {1956},
	keywords = {@ PaperNetFT, Complex Systems, Fault Tolerance},
	pages = {43--98},
	file = {VonNeumann56.pdf:/Users/elplatt/Zotero/storage/5GTMDFCS/VonNeumann56.pdf:application/pdf}
}

@article{liu_secure_2012,
	title = {Secure and energy-efficient disjoint multipath routing for {WSNs}},
	volume = {61},
	number = {7},
	journal = {IEEE T Veh Technol},
	author = {Liu, Anfeng and Zheng, Zhongming and Zhang, Chao and Chen, Zhigang and Shen, Xuemin},
	year = {2012},
	keywords = {@ PaperNetFT, Fault Tolerance, Multipath, Networks, Security},
	pages = {3255--3265},
	file = {liu.pdf:/Users/elplatt/Zotero/storage/KXXC45AX/liu.pdf:application/pdf}
}

@article{nakamoto_bitcoin:_2008,
	title = {Bitcoin: {A} peer-to-peer electronic cash system},
	journal = {bitcoin.org},
	author = {Nakamoto, Satoshi},
	year = {2008},
	keywords = {@ PaperNetFT, Complex Systems, Computer Science, Consensus, Cryptocurrency, CSCS 501, IC2S2 2016},
	pages = {28},
	file = {Bitcoin paper Original.pdf:/Users/elplatt/Zotero/storage/RFCKK4TR/Bitcoin paper Original.pdf:application/pdf}
}

@inproceedings{nickerson_thinking_2010,
	title = {Thinking with networks},
	volume = {36},
	booktitle = {{CogSci}},
	author = {Nickerson, Jeffrey V and Tversky, Barbara and Corter, James E and Yu, Lixiu and Mason, D},
	year = {2010},
	keywords = {@ PaperNetFT, Communication, Networks, Telephone},
	file = {paper0639.pdf:/Users/elplatt/Zotero/storage/6E4GRDNW/paper0639.pdf:application/pdf}
}

@article{lamport_byzantine_1982,
	title = {The {Byzantine} generals problem},
	volume = {4},
	number = {3},
	journal = {TOPLAS},
	author = {Lamport, Leslie and Shostak, Robert and Pease, Marshall},
	year = {1982},
	keywords = {@ PaperNetFT, Complex Systems, Computer Science, Consensus, CSCS 501, IC2S2 2016},
	pages = {382--401},
	file = {byz.pdf:/Users/elplatt/Zotero/storage/88PKR4MH/byz.pdf:application/pdf}
}

@article{dunbar_neocortex_1992,
	title = {Neocortex size as a constraint on group size in primates},
	volume = {22},
	number = {6},
	journal = {Journal of Human Evolution},
	author = {Dunbar, Robin IM},
	year = {1992},
	keywords = {@ PaperNetFT, Networks, Social networks, Sociology},
	pages = {469--493},
	file = {Dunbar_Neocortex size as a constant on group size in primates.pdf:/Users/elplatt/Zotero/storage/XZNV6XV2/Dunbar_Neocortex size as a constant on group size in primates.pdf:application/pdf}
}

@article{albert_error_2000,
	title = {Error and attack tolerance of complex networks},
	volume = {406},
	number = {6794},
	journal = {Nature},
	author = {Albert, Réka and Jeong, Hawoong and Barabási, Albert-László},
	year = {2000},
	keywords = {@ PaperNetFT, @ Precandidacy, CSCS 501, Fault Tolerance, Networks, Scale-Free, Security},
	pages = {378--382},
	file = {albert.pdf:/Users/elplatt/Zotero/storage/MSWSHTGG/albert.pdf:application/pdf}
}

@article{qadir_exploiting_2015,
	title = {Exploiting the power of multiplicity: a holistic survey of network-layer multipath},
	volume = {17},
	number = {4},
	journal = {IEEE Comm Surv Tut},
	author = {Qadir, Junaid and Ali, Anwaar and Yau, Kok-Lim Alvin and Sathiaseelan, Arjuna and Crowcroft, Jon},
	year = {2015},
	keywords = {@ PaperNetFT, Fault Tolerance, Multipath, Networks, Security},
	pages = {2176--2213},
	file = {NLMultipathing.R1.pdf:/Users/elplatt/Zotero/storage/HUREPVSH/NLMultipathing.R1.pdf:application/pdf}
}

@article{khiani_comparative_2013,
	title = {Comparative {Analysis} of {Multipath} {Routing} {Techniques} and {Design} of {Secure} {Energy} {Aware} {Routing} {Algorithm} for {Wireless} {Sensor} {Network}},
	volume = {3},
	number = {3},
	journal = {IJACR},
	author = {Khiani, Simran R and Dethe, CG and Thakare, VM},
	year = {2013},
	keywords = {@ PaperNetFT, Fault Tolerance, Multipath, Networks},
	pages = {374},
	file = {khiani.pdf:/Users/elplatt/Zotero/storage/N39GTTKP/khiani.pdf:application/pdf}
}

@inproceedings{goldreich_how_1987,
	title = {How to play any mental game},
	booktitle = {{STOC}},
	publisher = {ACM},
	author = {Goldreich, Oded and Micali, Silvio and Wigderson, Avi},
	year = {1987},
	keywords = {@ PaperNetFT, Cryptography, Secure Multiparty Computation},
	pages = {218--229}
}

@book{king_ppcoin:_2012,
	title = {Ppcoin: {Peer}-to-peer crypto-currency with proof-of-stake},
	publisher = {August},
	author = {King, Sunny and Nadal, Scott},
	year = {2012},
	keywords = {@ PaperNetFT, Complex Systems, Computer Science, Consensus, Cryptocurrency, CSCS 501},
	file = {peercoin-paper.pdf:/Users/elplatt/Zotero/storage/45ER68KM/peercoin-paper.pdf:application/pdf}
}

@article{lua_survey_2005,
	title = {A survey and comparison of peer-to-peer overlay network schemes},
	volume = {7},
	number = {2},
	journal = {IEEE Commun Surv Tut},
	author = {Lua, Eng Keong and Crowcroft, Jon and Pias, Marcelo and Sharma, Ritu and Lim, Sharon},
	year = {2005},
	keywords = {@ PaperNetFT, Networks, Overlay, Review},
	pages = {72--93}
}

@article{shamir_how_1979,
	title = {How to share a secret},
	volume = {22},
	number = {11},
	journal = {Communications of the ACM},
	author = {Shamir, Adi},
	year = {1979},
	keywords = {@ PaperNetFT, Cryptography, Secret sharing},
	pages = {612--613}
}

@book{kshemkalyani_distributed_2008,
	title = {Distributed computing: principles, algorithms, and systems},
	publisher = {Cambridge University Press},
	author = {Kshemkalyani, Ajay D and Singhal, Mukesh},
	year = {2008},
	keywords = {@ PaperNetFT, Complex Systems, Computer Science, Consensus, CSCS 501, Parallel Processing}
}

@article{avizienis_basic_2004,
	title = {Basic concepts and taxonomy of dependable and secure computing},
	volume = {1},
	number = {1},
	journal = {IEEE T Depend Secure},
	author = {Avizienis, Algirdas and Laprie, J-C and Randell, Brian and Landwehr, Carl},
	year = {2004},
	keywords = {@ PaperNetFT, Fault Tolerance, Security},
	pages = {11--33},
	file = {TR_2004-47.pdf:/Users/elplatt/Zotero/storage/BPAEJFC5/TR_2004-47.pdf:application/pdf}
}

@inproceedings{castro_practical_1999,
	title = {Practical {Byzantine} fault tolerance},
	volume = {99},
	booktitle = {{OSDI}},
	author = {Castro, Miguel and Liskov, Barbara and {others}},
	year = {1999},
	keywords = {@ PaperNetFT, Complex Systems, Computer Science, Consensus, CSCS 501, IC2S2 2016},
	pages = {173--186},
	file = {Practical_Byzantine_fault_tolerance.pdf:/Users/elplatt/Zotero/storage/9FEQQ6X6/Practical_Byzantine_fault_tolerance.pdf:application/pdf}
}

@article{lou_h-spread:_2006,
	title = {H-{SPREAD}: a hybrid multipath scheme for secure and reliable data collection in wireless sensor networks},
	volume = {55},
	number = {4},
	journal = {IEEE T Veh Technol},
	author = {Lou, Wenjing and Kwon, Younggoo},
	year = {2006},
	keywords = {@ PaperNetFT, Fault Tolerance, Multipath, Networks, Security},
	pages = {1320--1330},
	file = {lou.pdf:/Users/elplatt/Zotero/storage/ZKJGGRED/lou.pdf:application/pdf}
}

@inproceedings{zhang_using_2002,
	title = {Using the small-world model to improve freenet performance},
	volume = {3},
	booktitle = {{INFOCOM}},
	publisher = {IEEE},
	author = {Zhang, Hui and Goel, Ashish and Govindan, Ramesh},
	year = {2002},
	keywords = {@ PaperNetFT, Censorship, Decentralization, Freenet, Networks},
	pages = {1228--1237},
	file = {freenet_small.pdf:/Users/elplatt/Zotero/storage/8QX4ZUEV/freenet_small.pdf:application/pdf}
}

@inproceedings{levien_attack-resistant_1998,
	title = {Attack-{Resistant} {Trust} {Metrics} for {Public} {Key} {Certification}.},
	booktitle = {Usenix {Security}},
	author = {Levien, Raph and Aiken, Alex},
	year = {1998},
	keywords = {@ PaperNetFT, @ To Read, Adversarial faults, Networks, Security, Trust},
	file = {usenix97.pdf:/Users/elplatt/Zotero/storage/2RIFCW2F/usenix97.pdf:application/pdf}
}

@article{zin_survey_2015,
	title = {Survey of secure multipath routing protocols for {WSNs}},
	volume = {55},
	journal = {J Netw Comput Appl},
	author = {Zin, Shazana Md and Anuar, Nor Badrul and Kiah, Miss Laiha Mat Mat and Ahmedy, Ismail},
	year = {2015},
	keywords = {@ PaperNetFT, Fault Tolerance, Multipath, Networks, Security},
	pages = {123--153},
	file = {jnca.pdf:/Users/elplatt/Zotero/storage/RA68A42D/jnca.pdf:application/pdf}
}

@book{zimmermann_official_1995,
	title = {The official {PGP} user's guide},
	publisher = {MIT press},
	author = {Zimmermann, Philip R},
	year = {1995},
	keywords = {@ PaperNetFT, Decentralization, Networks, Security, Web of Trust}
}

@incollection{levien_attack-resistant_2009,
	title = {Attack-resistant trust metrics},
	booktitle = {Computing with {Social} {Trust}},
	publisher = {Springer},
	author = {Levien, Raph},
	year = {2009},
	keywords = {@ PaperNetFT, Adversarial faults, Fault Tolerance, Networks, Security, Trust, Web of Trust},
	pages = {121--132}
}

@book{walker_mass_2012,
	title = {Mass notification and crisis communications: {Planning}, preparedness, and systems},
	publisher = {CRC Press},
	author = {Walker, Denise C},
	year = {2012},
	keywords = {@ PaperNetFT, Communication, Crisis, Networks, Resilience}
}

@inproceedings{yao_protocols_1982,
	title = {Protocols for secure computations},
	booktitle = {{SFCS}},
	publisher = {IEEE},
	author = {Yao, Andrew C},
	year = {1982},
	keywords = {@ PaperNetFT, Cryptography, Secure Multiparty Computation},
	pages = {160--164}
}

@inproceedings{fanti_spy_2015,
	title = {Spy vs. spy: {Rumor} source obfuscation},
	volume = {43},
	booktitle = {{SIGMETRICS}},
	publisher = {ACM},
	author = {Fanti, Giulia and Kairouz, Peter and Oh, Sewoong and Viswanath, Pramod},
	year = {2015},
	keywords = {@ PaperNetFT, Networks, Privacy, Security},
	pages = {271--284},
	file = {1412.8439.pdf:/Users/elplatt/Zotero/storage/83MG7HGC/1412.8439.pdf:application/pdf}
}

@inproceedings{fiat_censorship_2002,
	title = {Censorship resistant peer-to-peer content addressable networks},
	booktitle = {{SIAM} {SODA}},
	publisher = {ACM},
	author = {Fiat, Amos and Saia, Jared},
	year = {2002},
	keywords = {@ PaperNetFT, Censorship, Networks},
	pages = {94--103},
	file = {p94-fiat.pdf:/Users/elplatt/Zotero/storage/BZPNFS2T/p94-fiat.pdf:application/pdf}
}

@book{korzun_structured_2013,
	address = {New York, NY},
	title = {Structured peer-to-peer systems: fundamentals of hierarchical organization, routing, scaling, and security},
	isbn = {978-1-4614-5483-0 978-1-4614-5482-3},
	shorttitle = {Structured peer-to-peer systems},
	language = {eng},
	publisher = {Springer},
	author = {Korzun, Dmitry and Gurtov, Andrei},
	year = {2013},
	keywords = {@ PaperNetFT, IC2S2 2016, Networks, Peer-to-Peer-Netz},
	file = {bok%3A978-1-4614-5483-0.pdf:/Users/elplatt/Zotero/storage/Z23UW7JG/bok%3A978-1-4614-5483-0.pdf:application/pdf}
}

@article{kohno_improvement_2012,
	title = {Improvement of assurance including security for wireless sensor networks using dispersed data transmission},
	volume = {78},
	number = {6},
	journal = {J Comp Sys Sci},
	author = {Kohno, Eitaro and Okazaki, Tomoya and Takeuchi, Mario and Ohta, Tomoyuki and Kakuda, Yoshiaki and Aida, Masaki},
	year = {2012},
	keywords = {@ PaperNetFT, Fault Tolerance, Multipath, Networks, Security},
	pages = {1703--1715},
	file = {khono.pdf:/Users/elplatt/Zotero/storage/3QKBWT8E/khono.pdf:application/pdf}
}

@inproceedings{chaum_multiparty_1988,
	title = {Multiparty unconditionally secure protocols},
	booktitle = {{STOC}},
	publisher = {ACM},
	author = {Chaum, David and Crépeau, Claude and Damgard, Ivan},
	year = {1988},
	keywords = {@ PaperNetFT, Cryptography, Secure Multiparty Computation},
	pages = {11--19}
}

@book{mazieres_stellar_2015,
	title = {Stellar {Consensus} {Protocol}: {A} {Federated} {Model} for {Internet}-level {Consensus}},
	author = {Mazières, David},
	year = {2015},
	keywords = {@ PaperNetFT, Complex Systems, Computer Science, Consensus, Cryptocurrency, CSCS 501, IC2S2 2016},
	file = {stellar-consensus-protocol.pdf:/Users/elplatt/Zotero/storage/65JKDZFW/stellar-consensus-protocol.pdf:application/pdf}
}

@article{ellison_ten_2000,
	title = {Ten risks of {PKI}: {What} you're not being told about public key infrastructure},
	volume = {16},
	number = {1},
	journal = {Comput Secur J},
	author = {Ellison, Carl and Schneier, Bruce},
	year = {2000},
	keywords = {@ PaperNetFT, Cryptography, Networks, PKI, Security},
	pages = {1--7},
	file = {pki-risks.pdf:/Users/elplatt/Zotero/storage/Z6B7JJG9/pki-risks.pdf:application/pdf}
}

@book{mohr_explaining_1982,
	title = {Explaining organizational behavior},
	publisher = {Jossey-Bass},
	author = {Mohr, Lawrence B},
	year = {1982},
	keywords = {@ PaperNetFT, Networks, Organizations}
}

@article{baran_distributed_1964,
	title = {On distributed communications},
	journal = {Volumes I-XI, RAND Corporation Research Documents, August},
	author = {Baran, Paul and {others}},
	year = {1964},
	keywords = {@ PaperNetFT, @ Precandidacy, Decentralization, Networks},
	pages = {637--648},
	file = {RM3420.pdf:/Users/elplatt/Zotero/storage/6ZDMX2FD/RM3420.pdf:application/pdf}
}

@article{sterbenz_resilience_2010,
	title = {Resilience and survivability in communication networks: {Strategies}, principles, and survey of disciplines},
	volume = {54},
	number = {8},
	journal = {Computer Networks},
	author = {Sterbenz, James PG and Hutchison, David and Çetinkaya, Egemen K and Jabbar, Abdul and Rohrer, Justin P and Schöller, Marcus and Smith, Paul},
	year = {2010},
	keywords = {@ PaperNetFT, Fault Tolerance, Networks, Security},
	pages = {1245--1265},
	file = {Resilience_and_survivability_in_communic.pdf:/Users/elplatt/Zotero/storage/XLWWAYMF/Resilience_and_survivability_in_communic.pdf:application/pdf;resilience.pdf:/Users/elplatt/Zotero/storage/FM56RQT2/resilience.pdf:application/pdf}
}

@article{hunter_pakistan_2008,
	title = {Pakistan {YouTube} block exposes fundamental internet security weakness: {Concern} that pakistani action affected youtube access elsewhere in world},
	volume = {2008},
	number = {4},
	journal = {Computer Fraud \& Security},
	author = {Hunter, Philip},
	year = {2008},
	keywords = {@ PaperNetFT, Censorship, Networks, Security},
	pages = {10--11}
}

@inproceedings{dainotti_analysis_2011,
	title = {Analysis of country-wide internet outages caused by censorship},
	booktitle = {Proceedings of the 2011 {ACM} {SIGCOMM} conference on {Internet} measurement conference},
	publisher = {ACM},
	author = {Dainotti, Alberto and Squarcella, Claudio and Aben, Emile and Claffy, Kimberly C and Chiesa, Marco and Russo, Michele and Pescapé, Antonio},
	year = {2011},
	keywords = {@ PaperNetFT, Censorship, Networks, Security},
	pages = {1--18},
	file = {outages_censorship.pdf:/Users/elplatt/Zotero/storage/9YRI3HG3/outages_censorship.pdf:application/pdf}
}

@inproceedings{grewal_caveat_2013,
	title = {Caveat coercitor: {Coercion}-evidence in electronic voting},
	booktitle = {Security and {Privacy} ({SP}), 2013 {IEEE} {Symposium} on},
	publisher = {IEEE},
	author = {Grewal, Gurchetan S and Ryan, Mark D and Bursuc, Sergiu and Ryan, Peter YA},
	year = {2013},
	keywords = {@ PaperNetFT, Coercion, Security},
	pages = {367--381}
}

@inproceedings{nayak_different_2010,
	title = {Different flavours of man-in-the-middle attack, consequences and feasible solutions},
	volume = {5},
	booktitle = {Computer {Science} and {Information} {Technology} ({ICCSIT}), 2010 3rd {IEEE} {International} {Conference} on},
	publisher = {IEEE},
	author = {Nayak, Gopi Nath and Samaddar, Shefalika Ghosh},
	year = {2010},
	keywords = {@ PaperNetFT, Adversarial faults, Networks, Security},
	pages = {491--495}
}

@inproceedings{leskovec_graphs_2005,
	title = {Graphs over time: densification laws, shrinking diameters and possible explanations},
	booktitle = {Proceedings of the eleventh {ACM} {SIGKDD} international conference on {Knowledge} discovery in data mining},
	publisher = {ACM},
	author = {Leskovec, Jure and Kleinberg, Jon and Faloutsos, Christos},
	year = {2005},
	keywords = {@ PaperNetFT, Datasets, Internet, Networks},
	pages = {177--187}
}

@inproceedings{xu_internet_2011,
	title = {Internet censorship in {China}: {Where} does the filtering occur?},
	booktitle = {International {Conference} on {Passive} and {Active} {Network} {Measurement}},
	publisher = {Springer},
	author = {Xu, Xueyang and Mao, Z Morley and Halderman, J Alex},
	year = {2011},
	keywords = {@ PaperNetFT, censorship, internet, networks},
	pages = {133--142}
}
@article{richters_trust_2011,
	title = {Trust transitivity in social networks},
	volume = {6},
	number = {4},
	journal = {PloS one},
	author = {Richters, Oliver and Peixoto, Tiago P},
	year = {2011},
	keywords = {@ PaperNetFT},
	pages = {e18384}
}