
@article{richters_trust_2011,
	title = {Trust transitivity in social networks},
	volume = {6},
	number = {4},
	journal = {PloS one},
	author = {Richters, Oliver and Peixoto, Tiago P},
	year = {2011},
	keywords = {@ PaperNetFT},
	pages = {e18384}
}