
@article{albert_error_2000,
	title = {Error and attack tolerance of complex networks},
	volume = {406},
	number = {6794},
	journal = {Nature},
	author = {Albert, Réka and Jeong, Hawoong and Barabási, Albert-László},
	year = {2000},
	keywords = {CSCS 501, Fault Tolerance, Networks, PaperNetFT, Scale-Free, Security},
	pages = {378--382},
	file = {albert.pdf:/Users/elplatt/Library/Application Support/Zotero/Profiles/hlj2ov1l.default/zotero/storage/MSWSHTGG/albert.pdf:application/pdf}
}

@article{alrajeh_secure_2013,
	title = {Secure ant-based routing protocol for wireless sensor network},
	volume = {2013},
	journal = {Int. J. of Dist. Sensor Nets.},
	author = {Alrajeh, Nabil Ali and Alabed, Mohamad Souheil and Elwahiby, Mohamed Shaaban},
	year = {2013},
	keywords = {Fault Tolerance, Multipath, Networks, PaperNetFT, Security},
	file = {alrajeh.pdf:/Users/elplatt/Library/Application Support/Zotero/Profiles/hlj2ov1l.default/zotero/storage/3UIH4SAU/alrajeh.pdf:application/pdf}
}

@article{avizienis_basic_2004,
	title = {Basic concepts and taxonomy of dependable and secure computing},
	volume = {1},
	number = {1},
	journal = {IEEE Trans. on Dependable and Secure Comp.},
	author = {Avizienis, Algirdas and Laprie, J-C and Randell, Brian and Landwehr, Carl},
	year = {2004},
	keywords = {Fault Tolerance, PaperNetFT, Security},
	pages = {},
	file = {TR_2004-47.pdf:/Users/elplatt/Library/Application Support/Zotero/Profiles/hlj2ov1l.default/zotero/storage/BPAEJFC5/TR_2004-47.pdf:application/pdf}
}

@article{barabasi_emergence_1999,
	title = {Emergence of scaling in random networks},
	volume = {286},
	number = {5439},
	journal = {science},
	author = {Barabási, Albert-László and Albert, Réka},
	year = {1999},
	keywords = {Networks, PaperNetFT, Scale-Free},
	pages = {509--512},
	file = {scalefree1999.pdf:/Users/elplatt/Library/Application Support/Zotero/Profiles/hlj2ov1l.default/zotero/storage/2TKHWH2A/scalefree1999.pdf:application/pdf}
}

@article{barabasi_scale-free_2009,
	title = {Scale-free networks: a decade and beyond},
	volume = {325},
	number = {5939},
	journal = {science},
	author = {Barabási, Albert-László and {others}},
	year = {2009},
	keywords = {Networks, PaperNetFT, Precandidacy, Scale-Free},
	pages = {412},
	file = {scalefree2009.pdf:/Users/elplatt/Library/Application Support/Zotero/Profiles/hlj2ov1l.default/zotero/storage/AH64UJZD/scalefree2009.pdf:application/pdf}
}

@article{baran_distributed_1964,
	title = {On distributed communications},
	journal = {Volumes I-XI, RAND Corporation Research Documents, August},
	author = {Baran, Paul and {others}},
	year = {1964},
	keywords = {Decentralization, Networks, PaperNetFT, Precandidacy},
	pages = {637--648},
	file = {RM3420.pdf:/Users/elplatt/Library/Application Support/Zotero/Profiles/hlj2ov1l.default/zotero/storage/6ZDMX2FD/RM3420.pdf:application/pdf}
}

@article{blakley_safeguarding_1979,
	title = {Safeguarding cryptographic keys},
	volume = {48},
	journal = {Proc. of the National Computer Conf.},
	author = {Blakley, George Robert},
	year = {1979},
	keywords = {Cryptography, PaperNetFT, Secret sharing},
	pages = {}
}

@inproceedings{castro_practical_1999,
	title = {Practical {Byzantine} fault tolerance},
	volume = {99},
	booktitle = {{OSDI}},
	author = {Castro, Miguel and Liskov, Barbara and {others}},
	year = {1999},
	keywords = {Complex Systems, Computer Science, Consensus, CSCS 501, IC2S2 2016, PaperNetFT},
	pages = {},
	file = {Practical_Byzantine_fault_tolerance.pdf:/Users/elplatt/Library/Application Support/Zotero/Profiles/hlj2ov1l.default/zotero/storage/9FEQQ6X6/Practical_Byzantine_fault_tolerance.pdf:application/pdf}
}

@inproceedings{chaum_multiparty_1988,
	title = {Multiparty unconditionally secure protocols},
	booktitle = {Proceedings of the twentieth annual {ACM} symposium on {Theory} of computing},
	publisher = {ACM},
	author = {Chaum, David and Crépeau, Claude and Damgard, Ivan},
	year = {1988},
	keywords = {Cryptography, PaperNetFT, Secure Multiparty Computation},
	pages = {}
}

@inproceedings{christianson_why_1997,
	title = {Why isn't trust transitive?},
	booktitle = {Security protocols},
	publisher = {Springer},
	author = {Christianson, Bruce and Harbison, William S},
	year = {1997},
	keywords = {Computer Science, Consensus, CSCS 501, IC2S2 2016, PaperNetFT, Security, Trust},
	pages = {171--176},
	file = {Why Trust Isn't Transitive.pdf:/Users/elplatt/Library/Application Support/Zotero/Profiles/hlj2ov1l.default/zotero/storage/IE4FRB7Q/Why Trust Isn't Transitive.pdf:application/pdf}
}

@inproceedings{clarke_freenet:_2001,
	title = {Freenet: {A} distributed anonymous information storage and retrieval system},
	booktitle = {Designing {Privacy} {Enhancing} {Technologies}},
	publisher = {Springer},
	author = {Clarke, Ian and Sandberg, Oskar and Wiley, Brandon and Hong, Theodore W},
	year = {2001},
	keywords = {Censorship, Freenet, Networks, PaperNetFT, Small-World},
	pages = {}
}

@article{dunbar_neocortex_1992,
	title = {Neocortex size as a constraint on group size in primates},
	volume = {22},
	number = {6},
	journal = {Journal of Human Evolution},
	author = {Dunbar, Robin IM},
	year = {1992},
	keywords = {Networks, PaperNetFT, Social networks, Sociology},
	pages = {}
}

@inproceedings{dwork_pricing_1993,
	title = {Pricing via processing or combatting junk mail},
	booktitle = {Advances in {Cryptology}},
	publisher = {Springer},
	author = {Dwork, Cynthia and Naor, Moni},
	year = {1993},
	keywords = {Complex Systems, Computer Science, Consensus, CSCS 501, PaperNetFT},
	pages = {},
	file = {DworkNaor.pdf:/Users/elplatt/Library/Application Support/Zotero/Profiles/hlj2ov1l.default/zotero/storage/TFN4M83W/DworkNaor.pdf:application/pdf}
}

@article{ellison_ten_2000,
	title = {Ten risks of {PKI}: {What} you're not being told about public key infrastructure},
	volume = {16},
	number = {1},
	journal = {Comput Secur J},
	author = {Ellison, Carl and Schneier, Bruce},
	year = {2000},
	keywords = {Cryptography, Networks, PaperNetFT, PKI, Security},
	pages = {},
	file = {pki-risks.pdf:/Users/elplatt/Library/Application Support/Zotero/Profiles/hlj2ov1l.default/zotero/storage/Z6B7JJG9/pki-risks.pdf:application/pdf}
}

@book{ferguson_practical_2003,
	address = {New York},
	title = {Practical cryptography},
	isbn = {978-0-471-22894-3 978-0-471-22357-3},
	publisher = {Wiley},
	author = {Ferguson, Niels and Schneier, Bruce},
	year = {2003},
	keywords = {Cryptography, IC2S2 2016, PaperNetFT, Security}
}

@inproceedings{fiat_censorship_2002,
	title = {Censorship resistant peer-to-peer content addressable networks},
	booktitle = {Proceedings of the thirteenth annual {ACM}-{SIAM} symposium on {Discrete} algorithms},
	publisher = {Society for Industrial and Applied Mathematics},
	author = {Fiat, Amos and Saia, Jared},
	year = {2002},
	keywords = {Censorship, Networks, PaperNetFT},
	pages = {94--103},
	file = {p94-fiat.pdf:/Users/elplatt/Library/Application Support/Zotero/Profiles/hlj2ov1l.default/zotero/storage/BZPNFS2T/p94-fiat.pdf:application/pdf}
}

@article{freeman_centrality_1978,
	title = {Centrality in social networks conceptual clarification},
	volume = {1},
	number = {3},
	journal = {Social networks},
	author = {Freeman, Linton C},
	year = {1978},
	keywords = {Centrality, Networks, PaperNetFT, Precandidacy},
	pages = {}
}

@inproceedings{goldreich_how_1987,
	title = {How to play any mental game},
	booktitle = {Proceedings of the nineteenth annual {ACM} symposium on {Theory} of computing},
	publisher = {ACM},
	author = {Goldreich, Oded and Micali, Silvio and Wigderson, Avi},
	year = {1987},
	keywords = {Cryptography, PaperNetFT, Secure Multiparty Computation},
}

@article{hunter_pakistan_2008,
	title = {Pakistan {YouTube} block exposes fundamental internet security weakness: {Concern} that pakistani action affected youtube access elsewhere in world},
	volume = {2008},
	number = {4},
	journal = {Computer Fraud \& Security},
	author = {Hunter, Philip},
	year = {2008},
	keywords = {Censorship, Networks, PaperNetFT, Security},
}

@article{khalil_unmask:_2010,
	title = {{UnMask}: {Utilizing} neighbor monitoring for attack mitigation in multihop wireless sensor networks},
	volume = {8},
	number = {2},
	journal = {Ad Hoc Networks},
	author = {Khalil, Issa and Bagchi, Saurabh and Rotaru, Cristina N and Shroff, Ness B},
	year = {2010},
	keywords = {Fault Tolerance, Multipath, Networks, PaperNetFT, Security},
}

@article{khiani_comparative_2013,
	title = {Comparative {Analysis} of {Multipath} {Routing} {Techniques} and {Design} of {Secure} {Energy} {Aware} {Routing} {Algorithm} for {Wireless} {Sensor} {Network}},
	volume = {3},
	number = {3},
	journal = {International Journal of Advanced Computer Research},
	author = {Khiani, Simran R and Dethe, CG and Thakare, VM},
	year = {2013},
	keywords = {Fault Tolerance, Multipath, Networks, PaperNetFT},
	file = {khiani.pdf:/Users/elplatt/Library/Application Support/Zotero/Profiles/hlj2ov1l.default/zotero/storage/N39GTTKP/khiani.pdf:application/pdf}
}

@book{king_ppcoin:_2012,
	title = {Ppcoin: {Peer}-to-peer crypto-currency with proof-of-stake},
	publisher = {August},
	author = {King, Sunny and Nadal, Scott},
	year = {2012},
	keywords = {Complex Systems, Computer Science, Consensus, Cryptocurrency, CSCS 501, PaperNetFT},
	file = {peercoin-paper.pdf:/Users/elplatt/Library/Application Support/Zotero/Profiles/hlj2ov1l.default/zotero/storage/45ER68KM/peercoin-paper.pdf:application/pdf}
}

@inproceedings{kleinberg_small-world_2000,
	title = {The small-world phenomenon: {An} algorithmic perspective},
	booktitle = {Proceedings of the thirty-second annual {ACM} symposium on {Theory} of computing},
	publisher = {ACM},
	author = {Kleinberg, Jon},
	year = {2000},
	keywords = {Computer Science, Consensus, CSCS 501, Networks, PaperNetFT},
	file = {Kleinberg.pdf:/Users/elplatt/Library/Application Support/Zotero/Profiles/hlj2ov1l.default/zotero/storage/2DPC25V8/Kleinberg.pdf:application/pdf}
}

@article{kohno_improvement_2012,
	title = {Improvement of assurance including security for wireless sensor networks using dispersed data transmission},
	volume = {78},
	number = {6},
	journal = {Journal of Computer and System Sciences},
	author = {Kohno, Eitaro and Okazaki, Tomoya and Takeuchi, Mario and Ohta, Tomoyuki and Kakuda, Yoshiaki and Aida, Masaki},
	year = {2012},
	keywords = {Fault Tolerance, Multipath, Networks, PaperNetFT, Security},
	file = {khono.pdf:/Users/elplatt/Library/Application Support/Zotero/Profiles/hlj2ov1l.default/zotero/storage/3QKBWT8E/khono.pdf:application/pdf}
}

@book{korzun_structured_2013,
	address = {New York, NY},
	title = {Structured peer-to-peer systems: fundamentals of hierarchical organization, routing, scaling, and security},
	isbn = {978-1-4614-5483-0 978-1-4614-5482-3},
	shorttitle = {Structured peer-to-peer systems},
	language = {eng},
	publisher = {Springer},
	author = {Korzun, Dmitry and Gurtov, Andrei},
	year = {2013},
	keywords = {IC2S2 2016, Networks, PaperNetFT, Peer-to-Peer-Netz},
	file = {bok%3A978-1-4614-5483-0.pdf:/Users/elplatt/Library/Application Support/Zotero/Profiles/hlj2ov1l.default/zotero/storage/Z23UW7JG/bok%3A978-1-4614-5483-0.pdf:application/pdf}
}

@book{kshemkalyani_distributed_2008,
	title = {Distributed computing: principles, algorithms, and systems},
	publisher = {Cambridge University Press},
	author = {Kshemkalyani, Ajay D and Singhal, Mukesh},
	year = {2008},
	keywords = {Complex Systems, Computer Science, Consensus, CSCS 501, PaperNetFT, Parallel Computing}
}

@article{lamport_byzantine_1982,
	title = {The {Byzantine} generals problem},
	volume = {4},
	number = {3},
	journal = {ACM Transactions on Programming Languages and Systems (TOPLAS)},
	author = {Lamport, Leslie and Shostak, Robert and Pease, Marshall},
	year = {1982},
	keywords = {Complex Systems, Computer Science, Consensus, CSCS 501, IC2S2 2016, PaperNetFT},
	file = {byz.pdf:/Users/elplatt/Library/Application Support/Zotero/Profiles/hlj2ov1l.default/zotero/storage/88PKR4MH/byz.pdf:application/pdf}
}

@article{liu_secure_2012,
	title = {Secure and energy-efficient disjoint multipath routing for {WSNs}},
	volume = {61},
	number = {7},
	journal = {Vehicular Technology, IEEE Transactions on},
	author = {Liu, Anfeng and Zheng, Zhongming and Zhang, Chao and Chen, Zhigang and Shen, Xuemin},
	year = {2012},
	keywords = {Fault Tolerance, Multipath, Networks, PaperNetFT, Security},
	file = {liu.pdf:/Users/elplatt/Library/Application Support/Zotero/Profiles/hlj2ov1l.default/zotero/storage/KXXC45AX/liu.pdf:application/pdf}
}

@article{lou_h-spread:_2006,
	title = {H-{SPREAD}: a hybrid multipath scheme for secure and reliable data collection in wireless sensor networks},
	volume = {55},
	number = {4},
	journal = {Vehicular Technology, IEEE Transactions on},
	author = {Lou, Wenjing and Kwon, Younggoo},
	year = {2006},
	keywords = {Fault Tolerance, Multipath, Networks, PaperNetFT, Security},
	file = {lou.pdf:/Users/elplatt/Library/Application Support/Zotero/Profiles/hlj2ov1l.default/zotero/storage/ZKJGGRED/lou.pdf:application/pdf}
}

@article{lua_survey_2005,
	title = {A survey and comparison of peer-to-peer overlay network schemes},
	volume = {7},
	number = {2},
	journal = {Communications Surveys \& Tutorials, IEEE},
	author = {Lua, Eng Keong and Crowcroft, Jon and Pias, Marcelo and Sharma, Ritu and Lim, Sharon},
	year = {2005},
	keywords = {Networks, PaperNetFT},
}

@article{mack_why_1975,
	title = {Why big nations lose small wars: {The} politics of asymmetric conflict},
	volume = {27},
	number = {02},
	journal = {World Politics},
	author = {Mack, Andrew},
	year = {1975},
	keywords = {PaperNetFT, Security, Stablizing Asymmetry},
	file = {-Why Big Nations-.pdf:/Users/elplatt/Library/Application Support/Zotero/Profiles/hlj2ov1l.default/zotero/storage/FTQ5XBAX/-Why Big Nations-.pdf:application/pdf}
}

@article{mazieres_stellar_2015,
	title = {Stellar {Consensus} {Protocol}: {A} {Federated} {Model} for {Internet}-level {Consensus}},
	journal = {Draft, Stellar Development Foundation},
	author = {Mazières, David},
	year = {2015},
	keywords = {Complex Systems, Computer Science, Consensus, Cryptocurrency, CSCS 501, IC2S2 2016, PaperNetFT},
	file = {stellar-consensus-protocol.pdf:/Users/elplatt/Library/Application Support/Zotero/Profiles/hlj2ov1l.default/zotero/storage/65JKDZFW/stellar-consensus-protocol.pdf:application/pdf}
}

@book{mohr_explaining_1982,
	title = {Explaining organizational behavior},
	publisher = {Jossey-Bass},
	author = {Mohr, Lawrence B},
	year = {1982},
	keywords = {Networks, Organizations, PaperNetFT}
}

@article{nakamoto_bitcoin:_2008,
	title = {Bitcoin: {A} peer-to-peer electronic cash system},
	journal = {bitcoin.org},
	author = {Nakamoto, Satoshi},
	year = {2008},
	keywords = {Complex Systems, Computer Science, Consensus, Cryptocurrency, CSCS 501, IC2S2 2016, PaperNetFT},
	file = {Bitcoin paper Original.pdf:/Users/elplatt/Library/Application Support/Zotero/Profiles/hlj2ov1l.default/zotero/storage/RFCKK4TR/Bitcoin paper Original.pdf:application/pdf}
}

@inproceedings{nickerson_thinking_2010,
	title = {Thinking with networks},
	volume = {36},
	booktitle = {Proceedings of the 32nd {Annual} {Conference} of the {Cognitive} {Science} {Society}},
	author = {Nickerson, Jeffrey V and Tversky, Barbara and Corter, James E and Yu, Lixiu and Mason, D},
	year = {2010},
	keywords = {Communication, Networks, PaperNetFT, Telephone},
	file = {paper0639.pdf:/Users/elplatt/Library/Application Support/Zotero/Profiles/hlj2ov1l.default/zotero/storage/6E4GRDNW/paper0639.pdf:application/pdf}
}

@book{prabhakaran_secure_2013,
	title = {Secure multi-party computation},
	volume = {10},
	publisher = {IOS press},
	author = {Prabhakaran, Manoj M},
	year = {2013},
	keywords = {IC2S2 2016, PaperNetFT}
}

@article{qadir_exploiting_2015,
	title = {Exploiting the power of multiplicity: a holistic survey of network-layer multipath},
	volume = {17},
	number = {4},
	journal = {Communications Surveys \& Tutorials, IEEE},
	author = {Qadir, Junaid and Ali, Anwaar and Yau, Kok-Lim Alvin and Sathiaseelan, Arjuna and Crowcroft, Jon},
	year = {2015},
	keywords = {Fault Tolerance, Multipath, Networks, PaperNetFT, Security},
	file = {NLMultipathing.R1.pdf:/Users/elplatt/Library/Application Support/Zotero/Profiles/hlj2ov1l.default/zotero/storage/HUREPVSH/NLMultipathing.R1.pdf:application/pdf}
}

@article{shamir_how_1979,
	title = {How to share a secret},
	volume = {22},
	number = {11},
	journal = {Communications of the ACM},
	author = {Shamir, Adi},
	year = {1979},
	keywords = {Cryptography, PaperNetFT, Secret sharing},
}

@article{sterbenz_resilience_2010,
	title = {Resilience and survivability in communication networks: {Strategies}, principles, and survey of disciplines},
	volume = {54},
	number = {8},
	journal = {Computer Networks},
	author = {Sterbenz, James PG and Hutchison, David and Çetinkaya, Egemen K and Jabbar, Abdul and Rohrer, Justin P and Schöller, Marcus and Smith, Paul},
	year = {2010},
	keywords = {Fault Tolerance, Networks, PaperNetFT, Security},
	file = {resilience.pdf:/Users/elplatt/Library/Application Support/Zotero/Profiles/hlj2ov1l.default/zotero/storage/FM56RQT2/resilience.pdf:application/pdf}
}

@article{von_neumann_probabilistic_1956,
	title = {Probabilistic logics and the synthesis of reliable organisms from unreliable components},
	volume = {34},
	journal = {Automata studies},
	author = {Von Neumann, John},
	year = {1956},
	keywords = {Complex Systems, Fault Tolerance, PaperNetFT},
	file = {VonNeumann56.pdf:/Users/elplatt/Library/Application Support/Zotero/Profiles/hlj2ov1l.default/zotero/storage/5GTMDFCS/VonNeumann56.pdf:application/pdf}
}

@book{walker_mass_2012,
	title = {Mass notification and crisis communications: {Planning}, preparedness, and systems},
	publisher = {CRC Press},
	author = {Walker, Denise C},
	year = {2012},
	keywords = {Communication, Crisis, Networks, PaperNetFT, Resilience}
}

@inproceedings{yao_protocols_1982,
	title = {Protocols for secure computations},
	booktitle = {Foundations of {Computer} {Science}, 1982. {SFCS}'08. 23rd {Annual} {Symposium} on},
	publisher = {IEEE},
	author = {Yao, Andrew C},
	year = {1982},
	keywords = {Cryptography, PaperNetFT, Secure Multiparty Computation},
}

@article{ye_improving_2008,
	title = {Improving wireless security through network diversity},
	volume = {39},
	number = {1},
	journal = {ACM SIGCOMM Computer Communication Review},
	author = {Ye, Tao and Veitch, Darryl and Bolot, Jean},
	year = {2008},
	keywords = {Fault Tolerance, Multipath, Networks, PaperNetFT, Security},
	file = {ye.pdf:/Users/elplatt/Library/Application Support/Zotero/Profiles/hlj2ov1l.default/zotero/storage/C7SDJ5AU/ye.pdf:application/pdf}
}

@inproceedings{zhang_using_2002,
	title = {Using the small-world model to improve freenet performance},
	volume = {3},
	booktitle = {{INFOCOM} 2002. {Twenty}-{First} {Annual} {Joint} {Conference} of the {IEEE} {Computer} and {Communications} {Societies}. {Proceedings}. {IEEE}},
	publisher = {IEEE},
	author = {Zhang, Hui and Goel, Ashish and Govindan, Ramesh},
	year = {2002},
	keywords = {Censorship, Decentralization, Freenet, Networks, PaperNetFT},
	file = {freenet_small.pdf:/Users/elplatt/Library/Application Support/Zotero/Profiles/hlj2ov1l.default/zotero/storage/8QX4ZUEV/freenet_small.pdf:application/pdf}
}

@book{zimmermann_official_1995,
	title = {The official {PGP} user's guide},
	publisher = {MIT press},
	author = {Zimmermann, Philip R},
	year = {1995},
	keywords = {Decentralization, Networks, PaperNetFT, Security, Web of Trust}
}

@article{zin_survey_2015,
	title = {Survey of secure multipath routing protocols for {WSNs}},
	volume = {55},
	journal = {Journal of Network and Computer Applications},
	author = {Zin, Shazana Md and Anuar, Nor Badrul and Kiah, Miss Laiha Mat Mat and Ahmedy, Ismail},
	year = {2015},
	keywords = {Fault Tolerance, Multipath, Networks, PaperNetFT, Security},
	file = {jnca.pdf:/Users/elplatt/Library/Application Support/Zotero/Profiles/hlj2ov1l.default/zotero/storage/RA68A42D/jnca.pdf:application/pdf}
}