
@article{lohman_designing_2000,
	title = {Designing groups in problem-based learning to promote problem-solving skill and self-directedness},
	volume = {28},
	number = {4},
	journal = {Instructional Science},
	author = {Lohman, Margaret C and Finkelstein, Michael},
	year = {2000},
	note = {Publisher: Springer},
	keywords = {@ Dissertation, @ PaperNetDelibABM},
	pages = {291--307},
}

@article{miflin_small_2004,
	title = {Small groups and problem-based learning: are we singing from the same hymn sheet?},
	volume = {26},
	number = {5},
	journal = {Medical teacher},
	author = {Miflin, Barbara},
	year = {2004},
	note = {Publisher: Taylor \& Francis},
	keywords = {@ Dissertation, @ PaperNetDelibABM},
	pages = {444--450},
}

@inproceedings{goel_structure_2012,
	title = {The structure of online diffusion networks},
	booktitle = {Proceedings of the 13th {ACM} conference on electronic commerce},
	author = {Goel, Sharad and Watts, Duncan J and Goldstein, Daniel G},
	year = {2012},
	keywords = {@ Dissertation, @ PaperNetDelibABM, Contagion, Networks},
	pages = {623--638},
}

@article{hong_groups_2004,
	title = {Groups of diverse problem solvers can outperform groups of high-ability problem solvers},
	volume = {101},
	number = {46},
	journal = {Proceedings of the National Academy of Sciences of the United States of America},
	author = {Hong, Lu and Page, Scott E},
	year = {2004},
	keywords = {@ Dissertation, @ PaperNetDelibABM, @ Precandidacy, @ Prelim, @ Summarized, Consensus, Diversity, Teams},
	pages = {16385--16389},
	file = {PNAS-2004-Hong-16385-9.pdf:/Users/elplatt/Zotero/storage/36ZSTQUD/PNAS-2004-Hong-16385-9.pdf:application/pdf},
}

@inproceedings{platt_network_2018,
	title = {Network structure, efficiency, and performance in {WikiProjects}},
	booktitle = {Proceedings of the {International} {AAAI} {Conference} on {Web} and {Social} {Media}},
	author = {Platt, Edward L and Romero, Daniel M},
	year = {2018},
	keywords = {@ Dissertation, @ PaperNetDelibABM, @ Prelim, @ PaperCSCW2019, @ Refonly},
}

@book{boyd_culture_1988,
	title = {Culture and the evolutionary process},
	publisher = {University of Chicago press},
	author = {Boyd, Robert and Richerson, Peter J},
	year = {1988},
	keywords = {@ Dissertation, @ PaperNetDelibABM},
}

@article{hong_interpreted_2009,
	title = {Interpreted and generated signals},
	volume = {144},
	number = {5},
	journal = {Journal of Economic Theory},
	author = {Hong, Lu and Page, Scott},
	year = {2009},
	keywords = {@ Dissertation, @ PaperNetDelibABM, @ Precandidacy, @ Prelim, @ Summarized, Diversity, @ PaperCSCW2019, Social Learning},
	pages = {2174--2196},
}

@article{smith_pathological_2000,
	title = {Pathological outcomes of observational learning},
	volume = {68},
	number = {2},
	journal = {Econometrica},
	author = {Smith, Lones and Sørensen, Peter},
	year = {2000},
	note = {Publisher: Wiley Online Library},
	keywords = {@ Dissertation, @ PaperNetDelibABM, Social Learning, Herding, Information Cascades},
	pages = {371--398},
}

@article{banerjee_simple_1992,
	title = {A simple model of herd behavior},
	volume = {107},
	number = {3},
	journal = {The quarterly journal of economics},
	author = {Banerjee, Abhijit V},
	year = {1992},
	note = {Publisher: MIT Press},
	keywords = {@ Dissertation, @ PaperNetDelibABM, Social Learning, Herding},
	pages = {797--817},
}

@article{brandt_computational_2012,
	title = {Computational social choice},
	journal = {Multiagent systems},
	author = {Brandt, Felix and Conitzer, Vincent and Endriss, Ulle},
	year = {2012},
	keywords = {@ Dissertation, @ PaperNetDelibABM, @ Precandidacy, @ Prelim, @ Summarized, Democracy, Social Choice},
	pages = {213--283},
}

@article{watts_collective_1998,
	title = {Collective dynamics of ‘small-world’networks},
	volume = {393},
	number = {6684},
	journal = {nature},
	author = {Watts, Duncan J and Strogatz, Steven H},
	year = {1998},
	keywords = {@ Dissertation, @ PaperNetDelibABM, Networks, @ Precandidacy, @ PaperCSCW2019, @ CSCS 501, @ Paper},
	pages = {440--442},
	file = {393440a0.pdf:/Users/elplatt/Zotero/storage/HXWJQ6B3/393440a0.pdf:application/pdf},
}

@article{kearns_experiments_2012,
	title = {Experiments in social computation},
	volume = {55},
	number = {10},
	journal = {Communications of the ACM},
	author = {Kearns, Michael},
	year = {2012},
	keywords = {@ Dissertation, @ PaperNetDelibABM, Networks, @ Precandidacy, @ Prelim, @ Summarized, Consensus, Social Learning, Coordination, Hierarchy},
	pages = {56--67},
	file = {CACM.pdf:/Users/elplatt/Zotero/storage/EXKSINBI/CACM.pdf:application/pdf},
}

@article{salehi_hive_2018,
	title = {Hive: {Collective} design through network rotation},
	volume = {2},
	number = {CSCW},
	journal = {Proceedings of the ACM on Human-Computer Interaction},
	author = {Salehi, Niloufar and Bernstein, Michael S},
	year = {2018},
	note = {Publisher: ACM New York, NY, USA},
	keywords = {@ Dissertation, @ PaperNetDelibABM},
	pages = {1--26},
}

@book{habermas_structural_1991,
	title = {The structural transformation of the public sphere: {An} inquiry into a category of bourgeois society},
	publisher = {MIT press},
	author = {Habermas, Jürgen},
	year = {1991},
	keywords = {@ Dissertation, @ PaperNetDelibABM},
}

@incollection{levine_study_1979,
	title = {A study of interlocking directorates: vital concepts of organization},
	booktitle = {Perspectives on social network research},
	publisher = {Elsevier},
	author = {Levine, Joel H and Roy, William S},
	year = {1979},
	keywords = {@ Dissertation, @ PaperNetDelibABM},
	pages = {349--378},
}

@book{giles_internet_2005,
	title = {Internet encyclopaedias go head to head},
	publisher = {Nature Publishing Group},
	author = {Giles, Jim},
	year = {2005},
	keywords = {@ Dissertation, @ PaperNetDelibABM, @ Precandidacy, Wikipedia},
	file = {Nature 2006 wikipedia.pdf:/Users/elplatt/Zotero/storage/J2VE6VS2/Nature 2006 wikipedia.pdf:application/pdf},
}

@inproceedings{keegan_evolution_2017,
	title = {The {Evolution} and {Consequences} of {Peer} {Producing} {Wikipedia}'s {Rules}},
	booktitle = {{ICWSM}},
	author = {Keegan, Brian and Fiesler, Casey},
	year = {2017},
	keywords = {@ Dissertation, @ PaperNetDelibABM, @ Precandidacy, @ Prelim, @ Summarized, Wikipedia, Commons, Decentralization, Deliberation},
}

@article{sunstein_law_1999,
	title = {The law of group polarization},
	number = {91},
	journal = {University of Chicago Law School, John M. Olin Law \& Economics Working Paper},
	author = {Sunstein, Cass R},
	year = {1999},
	keywords = {@ Dissertation, @ To Read, Social Learning, Information Cascades},
}

@article{condorcet_essay_1785,
	title = {Essay on the {Application} of {Analysis} to the {Probability} of {Majority} {Decisions}},
	journal = {Paris: Imprimerie Royale},
	author = {Condorcet, Marquis de},
	year = {1785},
	keywords = {@ Dissertation, @ PaperNetDelibABM, @ Prelim, @ Summarized, @ Refonly, @ List},
}

@book{arrow_social_2012,
	title = {Social choice and individual values},
	volume = {12},
	publisher = {Yale university press},
	author = {Arrow, Kenneth J},
	year = {2012},
	keywords = {@ Dissertation, @ PaperNetDelibABM, @ Precandidacy, @ Prelim, @ Summarized, Consensus, @ Refonly, Social Choice, @ List, Economics},
}

@article{gonzalez-bailon_structure_2010,
	title = {The structure of political discussion networks: a model for the analysis of online deliberation},
	volume = {25},
	number = {2},
	journal = {Journal of Information Technology},
	author = {Gonzalez-Bailon, Sandra and Kaltenbrunner, Andreas and Banchs, Rafael E},
	year = {2010},
	keywords = {@ Dissertation, @ PaperNetDelibABM, Networks, @ Prelim, @ Summarized, Hierarchy, Deliberation},
	pages = {230--243},
}

@article{boehm_egalitarian_1993,
	title = {Egalitarian behavior and reverse dominance hierarchy [and comments and reply]},
	volume = {34},
	number = {3},
	journal = {Current Anthropology},
	author = {Boehm, Christopher and Barclay, Harold B and Dentan, Robert Knox and Dupre, Marie-Claude and Hill, Jonathan D and Kent, Susan and Knauft, Bruce M and Otterbein, Keith F and Rayner, Steve},
	year = {1993},
	keywords = {@ Dissertation, @ PaperNetDelibABM, @ Prelim, @ Summarized, Hierarchy, Anthropology, Conflict, Heterarchy, Social Rank},
	pages = {227--254},
	file = {Egalitarian Behavior Boehm.pdf:/Users/elplatt/Zotero/storage/K7AFXLT2/Egalitarian Behavior Boehm.pdf:application/pdf},
}

@book{fishkin_voice_1997,
	title = {The voice of the people: {Public} opinion and democracy},
	publisher = {Yale university press},
	author = {Fishkin, James S},
	year = {1997},
	keywords = {@ Dissertation, @ PaperNetDelibABM, @ Prelim, Democracy, Deliberation},
}

@article{freeman_tyranny_1972,
	title = {The tyranny of structurelessness},
	volume = {17},
	journal = {Berkeley Journal of Sociology},
	author = {Freeman, Jo},
	year = {1972},
	keywords = {@ Dissertation, @ PaperNetDelibABM, @ Precandidacy, @ Prelim, @ Summarized, Consensus, Teams, Hierarchy, Conflict, Heterarchy, Inequality, Organizations, Social Movements},
	pages = {151--164},
	file = {project_muse_528558.pdf:/Users/elplatt/Zotero/storage/NAME9SCU/project_muse_528558.pdf:application/pdf},
}

@article{gonzalez-bailon_networked_2016,
	title = {Networked discontent: {The} anatomy of protest campaigns in social media},
	volume = {44},
	journal = {Social networks},
	author = {González-Bailón, Sandra and Wang, Ning},
	year = {2016},
	keywords = {@ Dissertation, @ PaperNetDelibABM, Networks, @ Prelim, Social Movements, Bridges, Brokers},
	pages = {95--104},
}

@inproceedings{brugh_combining_2019,
	title = {Combining {Formal} and {Informal} {Structures} in {Crisis} {Response}},
	booktitle = {Frontiers of {Engineering}: {Reports} on {Leading}-{Edge} {Engineering} from the 2018 {Symposium}. {National} {Academies} {Press}},
	author = {Brugh, Willow and Sorokin, Galit and Scott, Gerald R},
	year = {2019},
	keywords = {@ Dissertation, @ PaperNetDelibABM, Social Movements, Interlocks, Occupy},
}

@book{laloux_reinventing_2014,
	title = {Reinventing organizations: {A} guide to creating organizations inspired by the next stage in human consciousness},
	publisher = {Nelson Parker},
	author = {Laloux, Frederic},
	year = {2014},
	keywords = {@ Dissertation, @ PaperNetDelibABM, Organizations, Interlocks},
}

@article{benkler_coases_2002,
	title = {Coase's {Penguin}, or, {Linux} and" {The} {Nature} of the {Firm}"},
	journal = {Yale law journal},
	author = {Benkler, Yochai},
	year = {2002},
	keywords = {@ Dissertation, @ PaperNetDelibABM, @ Prelim, @ Summarized, Coordination, Hierarchy, Commons, Decentralization, Crowd Size, Interdependence, Self-Organization},
	pages = {369--446},
}

@article{bowles_endogenous_1998,
	title = {Endogenous preferences: {The} cultural consequences of markets and other economic institutions},
	volume = {36},
	number = {1},
	journal = {Journal of economic literature},
	author = {Bowles, Samuel},
	year = {1998},
	note = {Publisher: JSTOR},
	keywords = {@ Dissertation, @ PaperNetDelibABM, @ To Read, @ Deliberation},
	pages = {75--111},
}

@article{ostrom_collective_2000,
	title = {Collective action and the evolution of social norms},
	volume = {14},
	number = {3},
	journal = {Journal of economic perspectives},
	author = {Ostrom, Elinor},
	year = {2000},
	keywords = {@ Dissertation, @ PaperNetDelibABM, @ Prelim, @ Summarized, @ CSCS 501, Commons, Decentralization, Economics, Conflict, Boundaries, Cooperation, Decision-making, Punishment, Trust},
	pages = {137--158},
}

@article{gentry_consensus_1982,
	title = {Consensus as a form of decision making},
	volume = {9},
	journal = {J. Soc. \& Soc. Welfare},
	author = {Gentry, Martha E},
	year = {1982},
	keywords = {@ Dissertation, @ PaperNetDelibABM, @ Precandidacy, @ Prelim, @ Summarized, Consensus, @ CSCS 501, @ List, Complex Systems},
	pages = {233},
	file = {Consensus as a Form of Decision Making.pdf:/Users/elplatt/Zotero/storage/GJT4H3WE/Consensus as a Form of Decision Making.pdf:application/pdf},
}

@article{ackerman_deliberation_2002,
	title = {Deliberation day},
	volume = {10},
	number = {2},
	journal = {Journal of Political Philosophy},
	author = {Ackerman, Bruce and Fishkin, James S},
	year = {2002},
	keywords = {@ Dissertation, @ PaperNetDelibABM, @ Prelim, @ Summarized, Teams, Deliberation, Crowd Size},
	pages = {129--152},
}

@article{anderson_epistemology_2006,
	title = {The epistemology of democracy},
	volume = {3},
	number = {1-2},
	journal = {Episteme},
	author = {Anderson, Elizabeth},
	year = {2006},
	keywords = {@ Dissertation, @ PaperNetDelibABM, @ Prelim, @ Summarized, Consensus, Diversity, Democracy, Social Choice, Conflict, Decision-making},
	pages = {8--22},
	file = {project_muse_209431.pdf:/Users/elplatt/Zotero/storage/C52AHQKC/project_muse_209431.pdf:application/pdf},
}

@book{dewey_creative_1940,
	title = {Creative democracy: {The} task before us},
	publisher = {GP Putnam's Sons New York},
	author = {Dewey, John},
	year = {1940},
	keywords = {@ Dissertation, @ PaperNetDelibABM, @ Prelim, Social Learning, Decision-making, @ Maybe, Democrcy},
}

@article{shaw_laboratories_2014,
	title = {Laboratories of oligarchy? {How} the iron law extends to peer production},
	volume = {64},
	number = {2},
	journal = {Journal of Communication},
	author = {Shaw, Aaron and Hill, Benjamin M},
	year = {2014},
	keywords = {@ Dissertation, @ PaperNetDelibABM, @ Precandidacy, @ Prelim, Consensus, @ CSCS 501, Wikipedia, Cooperation, Sociology},
	pages = {215--238},
	file = {1407.0323.pdf:/Users/elplatt/Zotero/storage/C3899C98/1407.0323.pdf:application/pdf},
}

@article{weinberger_local_1991,
	title = {Local properties of {Kauffman}’s {N}-k model: {A} tunably rugged energy landscape},
	volume = {44},
	number = {10},
	journal = {Physical Review A},
	author = {Weinberger, Edward D},
	year = {1991},
	note = {Publisher: APS},
	keywords = {@ Dissertation, @ PaperNetDelibABM, NK},
	pages = {6399},
}

@article{derex_partial_2016,
	title = {Partial connectivity increases cultural accumulation within groups},
	volume = {113},
	number = {11},
	journal = {Proceedings of the National Academy of Sciences},
	author = {Derex, Maxime and Boyd, Robert},
	year = {2016},
	note = {Publisher: National Acad Sciences},
	keywords = {@ Dissertation, @ PaperNetDelibABM, Networks, Social Learning},
	pages = {2982--2987},
}

@article{mason_collaborative_2012,
	title = {Collaborative learning in networks},
	volume = {109},
	number = {3},
	journal = {Proceedings of the National Academy of Sciences},
	author = {Mason, Winter and Watts, Duncan J},
	year = {2012},
	keywords = {@ Dissertation, @ PaperNetDelibABM, Networks, @ Precandidacy, @ Prelim, @ Summarized, Consensus, @ Refonly, Social Learning, @ List, NK, Optimization},
	pages = {764--769},
}

@article{gomez-zara_taxonomy_2020,
	title = {A {Taxonomy} of {Team}-{Assembly} {Systems}: {Understanding} {How} {People} {Use} {Technologies} to {Form} {Teams}},
	volume = {4},
	number = {CSCW2},
	journal = {Proceedings of the ACM on Human-Computer Interaction},
	author = {Gómez-Zará, Diego and DeChurch, Leslie A and Contractor, Noshir S},
	year = {2020},
	note = {Publisher: ACM New York, NY, USA},
	keywords = {@ Dissertation, @ To Read},
	pages = {1--36},
}

@article{barabasi_emergence_1999,
	title = {Emergence of scaling in random networks},
	volume = {286},
	number = {5439},
	journal = {Science},
	author = {Barabási, Albert-László and Albert, Réka},
	year = {1999},
	keywords = {@ Dissertation, @ PaperNetDelibABM, Networks, @ Prelim, @ Summarized, @ PaperCSCW2019, @ Refonly, @ List, @ PaperNetFT, Scale-Free},
	pages = {509--512},
	file = {scalefree1999.pdf:/Users/elplatt/Zotero/storage/2TKHWH2A/scalefree1999.pdf:application/pdf},
}

@article{rendell_rogersparadox_2010,
	title = {{ROGERS}’{PARADOX} {RECAST} {AND} {RESOLVED}: {POPULATION} {STRUCTURE} {AND} {THE} {EVOLUTION} {OF} {SOCIAL} {LEARNING} {STRATEGIES}},
	volume = {64},
	number = {2},
	journal = {Evolution: International Journal of Organic Evolution},
	author = {Rendell, Luke and Fogarty, Laurel and Laland, Kevin N},
	year = {2010},
	note = {Publisher: Wiley Online Library},
	keywords = {@ Dissertation, @ PaperNetDelibABM, Social Learning, Criticality},
	pages = {534--548},
}

@article{feldman_reaching_2014,
	title = {Reaching consensus via non-bayesian asynchronous learning in social networks},
	journal = {arXiv preprint arXiv:1408.5192},
	author = {Feldman, Michal and Immorlica, Nicole and Lucier, Brendan and Weinberg, S Matthew},
	year = {2014},
	keywords = {@ Dissertation, Networks, Consensus, Social Learning, Analytic, Condorcet, Discrete, Expander Graphs},
}

@article{karau_social_1993,
	title = {Social loafing: {A} meta-analytic review and theoretical integration.},
	volume = {65},
	number = {4},
	journal = {Journal of personality and social psychology},
	author = {Karau, Steven J and Williams, Kipling D},
	year = {1993},
	note = {Publisher: American Psychological Association},
	keywords = {@ Dissertation, @ PaperNetDelibABM, social loafing},
	pages = {681},
}

@article{mason_propagation_2008,
	title = {Propagation of innovations in networked groups.},
	volume = {137},
	number = {3},
	journal = {Journal of Experimental Psychology: General},
	author = {Mason, Winter A and Jones, Andy and Goldstone, Robert L},
	year = {2008},
	keywords = {@ Dissertation, @ PaperNetDelibABM, Contagion, Networks, @ Precandidacy, Consensus, Social Learning, @ PaperCI2017, Experimental},
	pages = {422},
	file = {24837_innovationnetworks.pdf:/Users/elplatt/Zotero/storage/5BVR9XSP/24837_innovationnetworks.pdf:application/pdf},
}

@article{kauffman_towards_1987,
	title = {Towards a general theory of adaptive walks on rugged landscapes},
	volume = {128},
	number = {1},
	journal = {Journal of theoretical Biology},
	author = {Kauffman, Stuart and Levin, Simon},
	year = {1987},
	keywords = {@ Dissertation, @ PaperNetDelibABM, @ Precandidacy, @ Prelim, @ Summarized, @ Refonly, @ List, Complex Systems, NK, Optimization, CSCS 511, Rugged Landscapes},
	pages = {11--45},
}

@article{platt_towards_2019,
	title = {Towards attack tolerant networks: {Concurrent} multipath routing and the butterfly network},
	volume = {14},
	number = {4},
	journal = {Plos one},
	author = {Platt, Edward L and Romero, Daniel M},
	year = {2019},
	note = {Publisher: Public Library of Science San Francisco, CA USA},
	keywords = {@ Dissertation, @ PaperNetDelibABM},
	pages = {e0214292},
}

@inproceedings{goel_towards_2016,
	title = {Towards large-scale deliberative decision-making: {Small} groups and the importance of triads},
	booktitle = {Proceedings of the 2016 {ACM} {Conference} on {Economics} and {Computation}},
	publisher = {ACM},
	author = {Goel, Ashish and Lee, David T},
	year = {2016},
	keywords = {@ Dissertation, @ PaperNetDelibABM, @ Prelim, @ Summarized, Consensus, Teams, Social Choice, Deliberation, Spatial Models},
	pages = {287--303},
}

@inproceedings{goel_triadic_2012,
	title = {Triadic consensus},
	booktitle = {Proc. 8th {Workshop} {Internet} and {Network} {Econ}},
	publisher = {Springer},
	author = {Goel, Ashish and Lee, David},
	year = {2012},
	keywords = {@ Dissertation, @ PaperNetDelibABM, @ Prelim, @ Summarized, Consensus, Teams, Democracy, Social Choice, Collective Intelligence},
	pages = {434--447},
}

@article{lazer_network_2007,
	title = {The network structure of exploration and exploitation},
	volume = {52},
	number = {4},
	journal = {Administrative Science Quarterly},
	author = {Lazer, David and Friedman, Allan},
	year = {2007},
	keywords = {@ Dissertation, @ PaperNetDelibABM, Networks, @ Prelim, @ Summarized, Social Learning, Exploration Exploitation},
	pages = {667--694},
}

@article{barkoczi_social_2016,
	title = {Social learning strategies modify the effect of network structure on group performance},
	volume = {7},
	journal = {Nature communications},
	author = {Barkoczi, Daniel and Galesic, Mirta},
	year = {2016},
	keywords = {@ Dissertation, @ PaperNetDelibABM, Networks, @ Precandidacy, @ Prelim, @ Summarized, @ PaperCSCW2019, Social Learning, @ PaperCI2017, Exploration Exploitation},
	file = {Barkoczi & Galesic (2016) Social learning strategies modify the effect of network structure on group performance [NatureCom].pdf:/Users/elplatt/Zotero/storage/83UW55A3/Barkoczi & Galesic (2016) Social learning strategies modify the effect of network structure on group performance [NatureCom].pdf:application/pdf},
}

@article{gomez_clustering_2019,
	title = {Clustering knowledge and dispersing abilities enhances collective problem solving in a network},
	volume = {10},
	number = {1},
	journal = {Nature communications},
	author = {Gomez, Charles J and Lazer, David MJ},
	year = {2019},
	note = {Publisher: Nature Publishing Group},
	keywords = {@ Dissertation, @ PaperNetDelibABM, @ To Read},
	pages = {1--11},
}

@article{yi_network_2018,
	title = {Network structure and governance performance: {What} makes a difference?},
	volume = {78},
	number = {2},
	journal = {Public Administration Review},
	author = {Yi, Hongtao},
	year = {2018},
	note = {Publisher: Wiley Online Library},
	keywords = {@ Dissertation, Networks, @ To Read, Empirical, Governance},
	pages = {195--205},
}

@article{brugh_combining_nodate,
	title = {Combining {Distributed} and {Centralized} {Systems} in {Disaster} {Response}},
	author = {Brugh, Willow and Sorokin, Galit and Bar-Yam, Yaneer},
	keywords = {@ Dissertation, Networks, Case Studies, Crisis},
	file = {Brugh et al. - Combining Distributed and Centralized Systems in D.pdf:/Users/elplatt/Zotero/storage/Z3E74RQQ/Brugh et al. - Combining Distributed and Centralized Systems in D.pdf:application/pdf},
}

@article{stewart_information_2019,
	title = {Information gerrymandering and undemocratic decisions},
	volume = {573},
	number = {7772},
	journal = {Nature},
	author = {Stewart, Alexander J and Mosleh, Mohsen and Diakonova, Marina and Arechar, Antonio A and Rand, David G and Plotkin, Joshua B},
	year = {2019},
	keywords = {@ Dissertation, @ To Read},
	pages = {117--121},
}

@article{salehi_hive:_2018,
	title = {Hive: {Collective} {Design} {Through} {Network} {Rotation}},
	volume = {2},
	number = {CSCW},
	journal = {Proceedings of the ACM on Human-Computer Interaction},
	author = {Salehi, Niloufar and Bernstein, Michael S},
	year = {2018},
	keywords = {@ Dissertation, Networks, @ PaperCSCW2019},
	pages = {151},
}

@article{degroot_reaching_1974,
	title = {Reaching a consensus},
	volume = {69},
	number = {345},
	journal = {Journal of the American Statistical Association},
	author = {DeGroot, Morris H},
	year = {1974},
	keywords = {@ Dissertation, Networks, @ Precandidacy, @ Prelim, @ Summarized, Consensus, @ PaperCSCW2019, @ Refonly, Social Learning, @ List, @ PaperCI2017},
	pages = {118--121},
}

@article{golub_naive_2010,
	title = {Naive learning in social networks and the wisdom of crowds},
	volume = {2},
	number = {1},
	journal = {American Economic Journal: Microeconomics},
	author = {Golub, Benjamin and Jackson, Matthew O},
	year = {2010},
	keywords = {@ Dissertation, Networks, @ Precandidacy, @ Prelim, @ Summarized, Consensus, @ PaperCSCW2019, Social Learning, Inequality, @ SI 710-05},
	pages = {112--149},
	file = {naivelearning.pdf:/Users/elplatt/Zotero/storage/AEMFSQ3U/naivelearning.pdf:application/pdf},
}

@article{hare_study_1952,
	title = {A study of interaction and consensus in different sized groups},
	volume = {17},
	number = {3},
	journal = {American Sociological Review},
	author = {Hare, A Paul},
	year = {1952},
	keywords = {@ Dissertation},
	pages = {261--267},
}

@article{arrow_difficulty_1950,
	title = {A difficulty in the concept of social welfare},
	volume = {58},
	number = {4},
	journal = {Journal of political economy},
	author = {Arrow, Kenneth J},
	year = {1950},
	keywords = {@ Dissertation, @ Prelim, @ Summarized, @ Refonly, @ List},
	pages = {328--346},
}

@article{dodgson_method_1876,
	title = {A method of taking votes on more than two issues},
	journal = {The theory of committees and elections},
	author = {Dodgson, Charles},
	year = {1876},
	keywords = {@ Dissertation, @ Prelim, @ Summarized, @ Refonly, @ List},
}

@article{kendall_new_1938,
	title = {A new measure of rank correlation},
	volume = {30},
	number = {1/2},
	journal = {Biometrika},
	author = {Kendall, Maurice G},
	year = {1938},
	keywords = {@ Dissertation, @ Prelim, @ Summarized, @ Refonly, @ List},
	pages = {81--93},
}

@techreport{copeland_reasonable_1951,
	title = {A reasonable social welfare function},
	institution = {mimeo, 1951. University of Michigan},
	author = {Copeland, Arthur H},
	year = {1951},
	keywords = {@ Dissertation, @ Prelim, @ Summarized, @ Refonly, @ List},
}

@article{crumley_heterarchy_1995,
	title = {Heterarchy and the analysis of complex societies},
	volume = {6},
	number = {1},
	journal = {Archeological Papers of the American Anthropological Association},
	author = {Crumley, Carole L},
	year = {1995},
	keywords = {@ Dissertation, @ Prelim, @ Summarized, @ Refonly, Hierarchy, @ List, Heterarchy, Sociology, Archaeology},
	pages = {1--5},
	file = {studentinfo562.pdf:/Users/elplatt/Zotero/storage/H6M6WB3B/studentinfo562.pdf:application/pdf},
}

@article{tideman_independence_1987,
	title = {Independence of clones as a criterion for voting rules},
	volume = {4},
	number = {3},
	journal = {Social Choice and Welfare},
	author = {Tideman, T Nicolaus},
	year = {1987},
	keywords = {@ Dissertation, @ Prelim, @ Summarized, @ Refonly, @ List},
	pages = {185--206},
}

@book{olson_logic_1965,
	title = {Logic of collective action: {Public} goods and the theory of groups},
	publisher = {Harvard University Press},
	author = {Olson, Mancur},
	year = {1965},
	keywords = {@ Dissertation, @ Prelim, @ Summarized, @ Refonly, @ List},
}

@article{de_borda_memoire_1781,
	title = {Memoire sur les elections au scrutin, historie de l’academie royale des sciences},
	journal = {Paris, France},
	author = {de Borda, Jean-Charles},
	year = {1781},
	keywords = {@ Dissertation, @ Prelim, @ Summarized, @ Refonly, @ List},
}

@book{schelling_micromotives_2006,
	address = {New York},
	edition = {[New ed.] with a new preface and the Nobel Lecture},
	series = {Fels lectures on public policy analysis},
	title = {Micromotives and macrobehavior},
	isbn = {978-0-393-32946-9},
	publisher = {Norton},
	author = {Schelling, Thomas C.},
	year = {2006},
	keywords = {@ Dissertation, @ Prelim, @ Summarized, @ Refonly, Social Choice, @ List, Social Movements, Decision-making, Collective behavior},
	file = {MicromotivesAndMacrobehavior.pdf:/Users/elplatt/Zotero/storage/KZZZ3QBJ/MicromotivesAndMacrobehavior.pdf:application/pdf},
}

@misc{wilcox-ohearn_names:_2001,
	title = {Names: {Distributed}, secure, human-readable: {Choose} two},
	url = {https://web.archive.org/web/20011020191610/http://zooko.com/distnames.html},
	author = {Wilcox-O’Hearn, Zooko},
	year = {2001},
	keywords = {@ Dissertation, @ Prelim, @ Summarized, @ Refonly, @ List},
}

@article{dunbar_neocortex_1992,
	title = {Neocortex size as a constraint on group size in primates},
	volume = {22},
	number = {6},
	journal = {Journal of Human Evolution},
	author = {Dunbar, Robin IM},
	year = {1992},
	keywords = {@ Dissertation, Networks, @ Prelim, @ Summarized, @ Refonly, @ List, Sociology, @ PaperNetFT, Social networks},
	pages = {469--493},
	file = {Dunbar_Neocortex size as a constant on group size in primates.pdf:/Users/elplatt/Zotero/storage/XZNV6XV2/Dunbar_Neocortex size as a constant on group size in primates.pdf:application/pdf},
}

@article{baran_distributed_1964,
	title = {On distributed communications},
	journal = {Volumes I-XI, RAND Corporation Research Documents, August},
	author = {Baran, Paul and {others}},
	year = {1964},
	keywords = {@ Dissertation, Networks, @ Precandidacy, @ Prelim, @ Summarized, @ Refonly, Decentralization, @ List, @ PaperNetFT},
	pages = {637--648},
	file = {RM3420.pdf:/Users/elplatt/Zotero/storage/6ZDMX2FD/RM3420.pdf:application/pdf},
}

@article{elkind_rationalizations_2016,
	title = {Rationalizations of voting rules},
	journal = {Handbook of Computational Social Choice},
	author = {Elkind, Edith and Slinko, Arkadii},
	year = {2016},
	keywords = {@ Dissertation, @ Prelim, @ Summarized, @ Refonly, @ List},
}

@article{granovetter_threshold_1978,
	title = {Threshold models of collective behavior},
	journal = {American journal of sociology},
	author = {Granovetter, Mark},
	year = {1978},
	keywords = {@ Dissertation, Networks, @ Prelim, @ Summarized, @ Refonly, @ List, @ SI 710 Nets, Signaling},
	pages = {1420--1443},
	file = {2778111.pdf:/Users/elplatt/Zotero/storage/9ZBTGWHS/2778111.pdf:application/pdf},
}

@book{burt_structural_2009,
	title = {Structural holes: {The} social structure of competition},
	publisher = {Harvard university press},
	author = {Burt, Ronald S},
	year = {2009},
	keywords = {@ Dissertation, @ Prelim, @ Refonly},
}

@article{steiner_group_1972,
	title = {Group processes and group productivity},
	journal = {New York: Academic},
	author = {Steiner, ID},
	year = {1972},
	keywords = {@ Dissertation, @ Prelim, @ Refonly},
}

@book{sclove_democracy_1995,
	title = {Democracy and technology},
	publisher = {Guilford Press},
	author = {Sclove, Richard},
	year = {1995},
	keywords = {@ Dissertation, @ Prelim, @ Refonly},
}

@incollection{dienel_planning_1995,
	title = {Planning cells: {A} gate to “fractal” mediation},
	booktitle = {Fairness and competence in citizen participation},
	publisher = {Springer},
	author = {Dienel, Peter C and Renn, Ortwin},
	year = {1995},
	keywords = {@ Dissertation, @ Prelim, @ Refonly},
	pages = {117--140},
}

@incollection{crosby_citizens_1995,
	title = {Citizens juries: {One} solution for difficult environmental questions},
	booktitle = {Fairness and competence in citizen participation},
	publisher = {Springer},
	author = {Crosby, Ned},
	year = {1995},
	keywords = {@ Dissertation, @ Prelim, @ Refonly},
	pages = {157--174},
}

@article{jackson_open_2016,
	title = {Open {Source}, {Social} {Activism} and" {Necessary} {Trade}-offs" in the {Digital} {Enclosure}: {A} {Case} {Study} of {Platform} {Co}-operative, {Loomio}. org},
	volume = {14},
	number = {2},
	journal = {tripleC: Communication, Capitalism \& Critique. Open Access Journal for a Global Sustainable Information Society},
	author = {Jackson, Sam K and Kuehn, Kathleen M},
	year = {2016},
	keywords = {@ Dissertation, @ Prelim, @ Refonly},
	pages = {413--427},
}

@article{fishkin_deliberative_2000,
	title = {Deliberative polling and public consultation},
	volume = {53},
	number = {4},
	journal = {Parliamentary affairs},
	author = {Fishkin, James S and Luskin, Robert C and Jowell, Roger},
	year = {2000},
	keywords = {@ Dissertation, @ Prelim, @ Refonly},
	pages = {657--666},
}

@incollection{meskanen_distance_2006,
	title = {Distance from consensus: {A} theme and variations},
	booktitle = {Mathematics and democracy},
	publisher = {Springer},
	author = {Meskanen, Tommi and Nurmi, Hannu},
	year = {2006},
	keywords = {@ Dissertation, @ Prelim, @ Refonly},
	pages = {117--132},
}

@article{zollman_social_2010,
	title = {Social structure and the effects of conformity},
	volume = {172},
	number = {3},
	journal = {Synthese},
	author = {Zollman, Kevin James Spears},
	year = {2010},
	keywords = {@ Dissertation, @ Prelim, @ Refonly},
	pages = {317--340},
}

@article{hall_group_1970,
	title = {Group dynamics training and improved decision making},
	volume = {6},
	number = {1},
	journal = {The Journal of Applied Behavioral Science},
	author = {Hall, Jay and Williams, Martha S},
	year = {1970},
	keywords = {@ Dissertation, @ Prelim, Consensus, @ Refonly, @ CSCS 501, Complex Systems},
	pages = {39--68},
	file = {Journal of Applied Behavioral Science-1970-Hall-39-68.pdf:/Users/elplatt/Zotero/storage/R2H6457W/Journal of Applied Behavioral Science-1970-Hall-39-68.pdf:application/pdf},
}

@article{nemiroff_group_1975,
	title = {Group decision-making performance as influenced by consensus and self-orientation},
	volume = {28},
	number = {1},
	journal = {Human Relations},
	author = {Nemiroff, Paul M and King, Donald C},
	year = {1975},
	keywords = {@ Dissertation, @ Precandidacy, @ Prelim, Consensus, @ Refonly, @ CSCS 501, Complex Systems},
	pages = {1--21},
	file = {Human Relations-1975-Nemiroff-1-21.pdf:/Users/elplatt/Zotero/storage/R35CV5ME/Human Relations-1975-Nemiroff-1-21.pdf:application/pdf},
}

@article{english_comprehensive_1958,
	title = {A comprehensive dictionary of psychological and psychoanalytical terms: {A} guide to usage.},
	author = {English, Horace B and English, Ava Champney},
	year = {1958},
	keywords = {@ Dissertation, @ Prelim, Consensus, @ Refonly, @ CSCS 501, Psychology},
}

@article{newman_who_2004,
	title = {Who is the best connected scientist? {A} study of scientific coauthorship networks},
	journal = {Complex networks},
	author = {Newman, Mark},
	year = {2004},
	keywords = {@ Dissertation, Networks, @ Precandidacy, Coaffiliation},
	pages = {337--370},
	file = {0011144.pdf:/Users/elplatt/Zotero/storage/C87N6ZJ2/0011144.pdf:application/pdf},
}

@article{freeman_centrality_1978,
	title = {Centrality in social networks conceptual clarification},
	volume = {1},
	number = {3},
	journal = {Social networks},
	author = {Freeman, Linton C},
	year = {1978},
	keywords = {@ Dissertation, Networks, @ Precandidacy, @ PaperNetFT, Centrality},
	pages = {215--239},
}

@article{silverman_patronage_1965,
	title = {Patronage and community-nation relationships in central {Italy}},
	volume = {4},
	number = {2},
	journal = {Ethnology},
	author = {Silverman, Sydel F},
	year = {1965},
	keywords = {@ Dissertation, Networks, @ Precandidacy, Brokers},
	pages = {172--189},
}

@book{daft_organization_2006,
	title = {Organization theory and design},
	publisher = {Cengage learning},
	author = {Daft, Richard},
	year = {2006},
	keywords = {@ Dissertation, @ Precandidacy, Decentralization, Organizations},
}

@book{coleman_coding_2012,
	title = {Coding {Freedom}},
	publisher = {Princeton University Press},
	author = {Coleman, E Gabriella},
	year = {2012},
	keywords = {@ Dissertation, Consensus, FOSS},
	file = {Coleman-Coding-Freedom.pdf:/Users/elplatt/Zotero/storage/G8RNMCNU/Coleman-Coding-Freedom.pdf:application/pdf},
}

@article{eshel_altruists_1998,
	title = {Altruists, {Egoists}, and {Hooligans} in a {Local} {Interaction} {Model}},
	volume = {88},
	number = {1},
	journal = {The American Economic Review},
	author = {Eshel, Ilan and Samuelson, Larry and Shaked, Avner},
	year = {1998},
	keywords = {@ Dissertation, Networks, @ Precandidacy, Consensus},
	pages = {157--179},
	file = {hooligan.pdf:/Users/elplatt/Zotero/storage/GKGFQX5V/hooligan.pdf:application/pdf},
}

@article{fowler_cooperative_2010,
	title = {Cooperative behavior cascades in human social networks},
	volume = {107},
	number = {12},
	journal = {Proceedings of the National Academy of Sciences},
	author = {Fowler, James H and Christakis, Nicholas A},
	year = {2010},
	keywords = {@ Dissertation, Networks, @ Precandidacy, Consensus},
	pages = {5334--5338},
}

@article{grim_votes_nodate,
	title = {Votes and {Talk}: {Sorrows} and {Success} in {Representational} {Hierarchy}},
	volume = {2016},
	journal = {Manuscript in preparation},
	author = {Grim, Patrick and Singer, Daniel J and Bramson, Aaron and Berger, William J and Jung, Jiin and Page, Scott},
	keywords = {@ Dissertation, Networks, @ Precandidacy, Consensus, Voting},
	file = {Votes and Talk final revision.pdf:/Users/elplatt/Zotero/storage/V8HM2AKR/Votes and Talk final revision.pdf:application/pdf},
}

@article{mobius_social_2014,
	title = {Social learning in economics},
	volume = {6},
	number = {1},
	journal = {Annu. Rev. Econ.},
	author = {Mobius, Markus and Rosenblat, Tanya},
	year = {2014},
	keywords = {@ Dissertation, Networks, @ Precandidacy, Consensus, @ PaperCI2017},
	pages = {827--847},
}

@article{gao_universal_2016,
	title = {Universal resilience patterns in complex networks},
	volume = {530},
	journal = {Nature},
	author = {Gao, Jianxi and Barzel, Baruch and Barabási, Albert-László},
	year = {2016},
	keywords = {@ Dissertation, Networks, @ Precandidacy, Complex Systems, Resilience},
	pages = {307--312},
	file = {nature16948.pdf:/Users/elplatt/Zotero/storage/5GEMWR93/nature16948.pdf:application/pdf},
}

@book{michels_political_1999,
	address = {New Brunswick, N.J., U.S.A.},
	title = {Political parties a sociological study of the oligarchical tendencies of modern democracy},
	isbn = {978-0-585-33190-4},
	url = {http://search.ebscohost.com/login.aspx?direct=true&scope=site&db=nlebk&db=nlabk&AN=46880},
	language = {English},
	urldate = {2016-01-24},
	publisher = {Transaction Publishers},
	author = {Michels, Robert},
	year = {1999},
	keywords = {@ Dissertation, Networks, @ Precandidacy, Consensus},
}

@article{christakis_social_2013,
	title = {Social contagion theory: examining dynamic social networks and human behavior},
	volume = {32},
	number = {4},
	journal = {Statistics in medicine},
	author = {Christakis, Nicholas A and Fowler, James H},
	year = {2013},
	keywords = {@ Dissertation, Networks, @ Precandidacy, Consensus},
	pages = {556--577},
	file = {140.pdf:/Users/elplatt/Zotero/storage/9URA38TA/140.pdf:application/pdf},
}

@article{contractor_topology_2012,
	title = {The topology of collective leadership},
	volume = {23},
	number = {6},
	journal = {The Leadership Quarterly},
	author = {Contractor, Noshir S and DeChurch, Leslie A and Carson, Jay and Carter, Dorothy R and Keegan, Brian},
	year = {2012},
	keywords = {@ Dissertation, Networks, @ Precandidacy, Consensus, Decentralization},
	pages = {994--1011},
	file = {Contractor.DeChurch.Carson.Carter.Keegan.2012 copy.pdf:/Users/elplatt/Zotero/storage/TGPIUKBQ/Contractor.DeChurch.Carson.Carter.Keegan.2012 copy.pdf:application/pdf},
}

@article{suri_cooperation_2011,
	title = {Cooperation and contagion in web-based, networked public goods experiments},
	volume = {10},
	number = {2},
	journal = {ACM SIGecom Exchanges},
	author = {Suri, Siddharth and Watts, Duncan J},
	year = {2011},
	keywords = {@ Dissertation, Networks, @ Precandidacy, Consensus},
	pages = {3--8},
	file = {s_w_PLoS_11.pdf:/Users/elplatt/Zotero/storage/P2VWKEF6/s_w_PLoS_11.pdf:application/pdf},
}

@article{list_epistemic_2001,
	title = {Epistemic democracy: generalizing the {Condorcet} jury theorem},
	volume = {9},
	number = {3},
	journal = {Journal of Political Philosophy},
	author = {List, Christin and Goodin, Robert E},
	year = {2001},
	keywords = {@ Dissertation, Networks, @ Precandidacy, Consensus, @ CSCS 501, Complex Systems, Voting},
	pages = {277--306},
	file = {listgoodin.pdf:/Users/elplatt/Zotero/storage/Z92UBT46/listgoodin.pdf:application/pdf},
}

@article{grim_scientific_2013,
	title = {scientific networks on data landscapes: question difficulty, epistemic success, and convergence},
	volume = {10},
	number = {04},
	journal = {Episteme},
	author = {Grim, Patrick and Singer, Daniel J and Fisher, Steven and Bramson, Aaron and Berger, William J and Reade, Christopher and Flocken, Carissa and Sales, Adam},
	year = {2013},
	keywords = {@ Dissertation, Networks, @ Precandidacy, Consensus, Social Learning, @ CSCS 501, Complex Systems, @ PaperCI2017},
	pages = {441--464},
	file = {scientific_networks.pdf:/Users/elplatt/Zotero/storage/KNX2MG4U/scientific_networks.pdf:application/pdf},
}

@article{hayek_use_1945,
	title = {The use of knowledge in society},
	volume = {35},
	number = {4},
	journal = {The American economic review},
	author = {Hayek, Friedrich August},
	year = {1945},
	keywords = {@ Dissertation, @ Prelim, Democracy, Decision-making},
	pages = {519--530},
}

@misc{wikipedia_contributors_wikipedia:good_2017,
	title = {Wikipedia:{Good} articles},
	journal = {Wikipedia, The Free Encyclopedia},
	author = {Wikipedia Contributors},
	month = nov,
	year = {2017},
	keywords = {@ Dissertation, @ Precandidacy},
}

@misc{wikipedia_contributors_wikipedia:featured_2018,
	title = {Wikipedia:{Featured} articles},
	journal = {Wikipedia, The Free Encyclopedia},
	author = {Wikipedia Contributors},
	month = jan,
	year = {2018},
	keywords = {@ Dissertation, @ Precandidacy},
}

@book{hacker_digital_2000,
	title = {Digital democracy: {Issues} of theory and practice},
	publisher = {Sage},
	author = {Hacker, Kenneth L and van Dijk, Jan},
	year = {2000},
	keywords = {@ Dissertation, @ Prelim, Consensus, Decision-making, Voting},
}

@article{newman_structure_2003,
	title = {The structure and function of complex networks},
	volume = {45},
	number = {2},
	journal = {SIAM review},
	author = {Newman, Mark EJ},
	year = {2003},
	keywords = {@ Dissertation, Networks, @ Precandidacy},
	pages = {167--256},
}

@book{butler_conflict_2007,
	title = {On conflict and consensus: {A} handbook on formal consensus decisionmaking},
	publisher = {Creative Commons},
	author = {Butler, CT Lawrence and Rothstein, Amy},
	year = {2007},
	keywords = {@ Dissertation, @ Prelim, Consensus, Decision-making},
}

@inproceedings{lee_crowdsourcing_2014,
	title = {Crowdsourcing for participatory democracies: {Efficient} elicitation of social choice functions},
	booktitle = {Second {AAAI} {Conference} on {Human} {Computation} and {Crowdsourcing}},
	author = {Lee, David Timothy and Goel, Ashish and Aitamurto, Tanja and Landemore, Helene},
	year = {2014},
	keywords = {@ Dissertation, @ Prelim, Social Choice, Decision-making, Algorithms},
}

@inproceedings{choi_understanding_2013,
	title = {Understanding the {Group} {Size} for {Collaborative} {Work} in {Wiki}-based {Communities}.},
	booktitle = {{PACIS}},
	author = {Choi, Minnseok and Woo, Ji Young and Han, Ingoo},
	year = {2013},
	keywords = {@ Dissertation, @ Precandidacy, Wikipedia},
	pages = {31},
}

@article{arazy_wisdom_2006,
	title = {Wisdom of the crowds: {Decentralized} knowledge construction in {Wikipedia}},
	author = {Arazy, OFER and Morgan, Wayne and Patterson, Raymond},
	year = {2006},
	keywords = {@ Dissertation, @ Precandidacy, Wikipedia},
}

@inproceedings{wilkinson_cooperation_2007,
	title = {Cooperation and quality in wikipedia},
	booktitle = {Proceedings of the 2007 international symposium on {Wikis}},
	publisher = {ACM},
	author = {Wilkinson, Dennis M and Huberman, Bernardo A},
	year = {2007},
	keywords = {@ Dissertation, @ Precandidacy, Consensus, Wikipedia},
	pages = {157--164},
	file = {wikipedia07.pdf:/Users/elplatt/Zotero/storage/7ZGRKDHT/wikipedia07.pdf:application/pdf},
}

@misc{elsharbaty_editing_2016,
	title = {Editing {Wikipedia} for a decade: {Gareth} {Owen}},
	url = {https://blog.wikimedia.org/2016/10/07/gareth-owen/},
	urldate = {2017-08-13},
	journal = {Wikimedia Blog},
	author = {Elsharbaty, Samir},
	year = {2016},
	keywords = {@ Dissertation, @ Precandidacy},
}

@article{lazer_network_2007-1,
	title = {The network structure of exploration and exploitation},
	volume = {52},
	number = {4},
	journal = {Administrative Science Quarterly},
	author = {Lazer, David and Friedman, Allan},
	year = {2007},
	keywords = {@ Dissertation, Networks, @ Precandidacy, Consensus, NK, Optimization},
	pages = {667--694},
}

@article{cohen_latest_2007,
	title = {The {Latest} on {Virginia} {Tech}, from {Wikipedia}},
	volume = {23},
	journal = {New York Times},
	author = {Cohen, Noam},
	year = {2007},
	keywords = {@ Dissertation, @ Precandidacy, Wikipedia},
}

@article{barabasi_scale-free_2009,
	title = {Scale-free networks: a decade and beyond},
	volume = {325},
	number = {5939},
	journal = {Science},
	author = {Barabási, Albert-László and {others}},
	year = {2009},
	keywords = {@ Dissertation, Networks, @ Precandidacy, @ PaperNetFT, Scale-Free},
	pages = {412},
	file = {scalefree2009.pdf:/Users/elplatt/Zotero/storage/AH64UJZD/scalefree2009.pdf:application/pdf},
}

@article{albert_error_2000,
	title = {Error and attack tolerance of complex networks},
	volume = {406},
	number = {6794},
	journal = {Nature},
	author = {Albert, Réka and Jeong, Hawoong and Barabási, Albert-László},
	year = {2000},
	keywords = {@ Dissertation, Networks, @ Precandidacy, @ CSCS 501, @ PaperNetFT, Scale-Free, Security, Fault Tolerance},
	pages = {378--382},
	file = {albert.pdf:/Users/elplatt/Zotero/storage/MSWSHTGG/albert.pdf:application/pdf},
}

@article{spearman_proof_1904,
	title = {The proof and measurement of association between two things},
	volume = {15},
	number = {1},
	journal = {The American journal of psychology},
	author = {Spearman, Charles},
	year = {1904},
	keywords = {@ Dissertation, @ Prelim, @ Refonly},
	pages = {72--101},
}

@incollection{demsetz_toward_1974,
	title = {Toward a theory of property rights},
	booktitle = {Classic {Papers} in {Natural} {Resource} {Economics}},
	publisher = {Springer},
	author = {Demsetz, Harold},
	year = {1974},
	keywords = {@ Dissertation, @ Prelim, @ Refonly},
	pages = {163--177},
}

@article{coase_nature_1937,
	title = {The nature of the firm},
	volume = {4},
	number = {16},
	journal = {economica},
	author = {Coase, Ronald H},
	year = {1937},
	keywords = {@ Dissertation, @ Prelim, @ Refonly},
	pages = {386--405},
}

@article{galton_vox_1907,
	title = {Vox populi ({The} wisdom of crowds)},
	volume = {75},
	number = {7},
	journal = {Nature},
	author = {Galton, Francis},
	year = {1907},
	keywords = {@ Dissertation, @ Precandidacy, @ Prelim, Consensus, @ Refonly},
	pages = {450--451},
}

@article{centola_complex_2007,
	title = {Complex contagions and the weakness of long ties},
	volume = {113},
	number = {3},
	journal = {American journal of Sociology},
	author = {Centola, Damon and Macy, Michael},
	year = {2007},
	keywords = {@ Dissertation, Contagion, Networks, @ Precandidacy, @ Prelim, @ Summarized, Bridges, Collective action, Weak Ties},
	pages = {702--734},
}

@incollection{putnam_bowling_2000,
	title = {Bowling alone: {America}’s declining social capital},
	booktitle = {Culture and politics},
	publisher = {Springer},
	author = {Putnam, Robert D},
	year = {2000},
	keywords = {@ Dissertation, Networks, @ Prelim, @ Summarized, Teams, Trust, Weak Ties},
	pages = {223--234},
}

@phdthesis{detar_intertwinkles:_2013,
	title = {{InterTwinkles}: online tools for non-hierarchical, consensus-oriented decision making},
	school = {Massachusetts Institute of Technology},
	author = {DeTar, Charles},
	year = {2013},
	keywords = {@ Dissertation, @ Precandidacy, @ Prelim, @ Summarized, Consensus, Democracy, Commons, Tools},
	file = {cfd-intertwinkles.pdf:/Users/elplatt/Zotero/storage/MQWC5T8S/cfd-intertwinkles.pdf:application/pdf},
}

@book{benkler_wealth_2006,
	address = {New Haven [Conn.]},
	title = {The wealth of networks: how social production transforms markets and freedom},
	isbn = {978-0-300-11056-2},
	shorttitle = {The wealth of networks},
	publisher = {Yale University Press},
	author = {Benkler, Yochai},
	year = {2006},
	keywords = {@ Dissertation, Networks, @ Precandidacy, @ Prelim, @ Summarized, Teams, Hierarchy, Commons, Decentralization, Deliberation, Heterarchy, Self-Organization},
	file = {Benkler_Wealth_Of_Networks.pdf:/Users/elplatt/Zotero/storage/JQTK2TRQ/Benkler_Wealth_Of_Networks.pdf:application/pdf},
}

@article{halfaker_rise_2013,
	title = {The rise and decline of an open collaboration system: {How} {Wikipedia}’s reaction to popularity is causing its decline},
	volume = {57},
	number = {5},
	journal = {American Behavioral Scientist},
	author = {Halfaker, Aaron and Geiger, R Stuart and Morgan, Jonathan T and Riedl, John},
	year = {2013},
	keywords = {@ Dissertation, @ Precandidacy},
	pages = {664--688},
}

@inproceedings{morgan_project_2013,
	title = {Project talk: {Coordination} work and group membership in {WikiProjects}},
	booktitle = {Proceedings of the 9th {International} {Symposium} on {Open} {Collaboration}},
	publisher = {ACM},
	author = {Morgan, Jonathan T and Gilbert, Michael and McDonald, David W and Zachry, Mark},
	year = {2013},
	keywords = {@ Dissertation, @ Precandidacy},
	pages = {3},
}

@article{pennock_winners_2002,
	title = {Winners don't take all: {Characterizing} the competition for links on the web},
	volume = {99},
	number = {8},
	journal = {Proceedings of the national academy of sciences},
	author = {Pennock, David M and Flake, Gary W and Lawrence, Steve and Glover, Eric J and Giles, C Lee},
	year = {2002},
	keywords = {@ Dissertation, @ Prelim, @ To Read},
	pages = {5207--5211},
}

@book{rheingold_smart_2007,
	title = {Smart mobs: {The} next social revolution},
	publisher = {Basic books},
	author = {Rheingold, Howard},
	year = {2007},
	keywords = {@ Dissertation, @ Prelim, @ Refonly},
}

@inproceedings{adamic_political_2005,
	title = {The political blogosphere and the 2004 {US} election: divided they blog},
	booktitle = {Proceedings of the 3rd international workshop on {Link} discovery},
	publisher = {ACM},
	author = {Adamic, Lada A and Glance, Natalie},
	year = {2005},
	keywords = {@ Dissertation, @ Prelim, @ Refonly},
	pages = {36--43},
}

@article{kumar_bursty_2005,
	title = {On the bursty evolution of blogspace},
	volume = {8},
	number = {2},
	journal = {World Wide Web},
	author = {Kumar, Ravi and Novak, Jasmine and Raghavan, Prabhakar and Tomkins, Andrew},
	year = {2005},
	keywords = {@ Dissertation, @ Prelim, @ Refonly},
	pages = {159--178},
}

@article{barabasi_linked:_2003,
	title = {Linked: {How} everything is connected to everything else and what it means},
	author = {Barabasi, Albert-Laszlo},
	year = {2003},
	keywords = {@ Dissertation, @ Prelim, @ Refonly},
}

@article{noam_internet:_2003,
	title = {The {Internet}: {Still} wide open and competitive?},
	url = {https://dx.doi.org/10.2139/ssrn.1308496},
	journal = {OII Internet Issue Brief No. 1},
	author = {Noam, Eli M and Hay, Donald and Baye, Michael R and Morgan, John},
	year = {2003},
	keywords = {@ Dissertation, @ Prelim, @ Refonly},
}

@article{schkade_what_2007,
	title = {What happened on deliberation day},
	volume = {95},
	journal = {Cal. L. Rev.},
	author = {Schkade, David and Sunstein, Cass R and Hastie, Reid},
	year = {2007},
	keywords = {@ Dissertation, @ Prelim, @ Summarized, Diversity, Teams, Social Learning, Hierarchy, Deliberation, Self-Organization, Trust, Signaling},
	pages = {915},
}

@book{norris_cosmopolitan_2009,
	title = {Cosmopolitan communications: {Cultural} diversity in a globalized world},
	publisher = {Cambridge University Press},
	author = {Norris, Pippa and Inglehart, Ronald},
	year = {2009},
	keywords = {@ Dissertation, @ Prelim, @ Summarized},
}

@article{gigone_proper_1997,
	title = {Proper analysis of the accuracy of group judgments.},
	volume = {121},
	number = {1},
	journal = {Psychological Bulletin},
	author = {Gigone, Daniel and Hastie, Reid},
	year = {1997},
	keywords = {@ Dissertation, @ Prelim, @ To Read},
	pages = {149},
}

@article{downs_economic_1957,
	title = {An economic theory of political action in a democracy},
	volume = {65},
	number = {2},
	journal = {Journal of political economy},
	author = {Downs, Anthony},
	year = {1957},
	keywords = {@ Dissertation, @ Prelim, @ Refonly},
	pages = {135--150},
}

@article{maltz_customary_1996,
	title = {Customary law \& power in {Internet} communities},
	volume = {2},
	number = {1},
	journal = {Journal of Computer-Mediated Communication},
	author = {Maltz, Tamir},
	year = {1996},
	keywords = {@ Dissertation, @ Prelim, @ Refonly},
	pages = {JCMC213},
}

@article{poster_cyberdemocracy:_1997,
	title = {Cyberdemocracy: {Internet} and the public sphere},
	journal = {Internet culture},
	author = {Poster, Mark},
	year = {1997},
	keywords = {@ Dissertation, @ Prelim, @ To Read},
	pages = {201--218},
}

@article{habermas_public_1974,
	title = {The public sphere: {An} encyclopedia article (1964)},
	number = {3},
	journal = {New German Critique},
	author = {Habermas, Jürgen and Lennox, Sara and Lennox, Frank},
	year = {1974},
	keywords = {@ Dissertation, @ Prelim, @ To Read},
	pages = {49--55},
}

@book{rheingold_virtual_2000,
	title = {The virtual community: {Homesteading} on the electronic frontier},
	publisher = {MIT press},
	author = {Rheingold, Howard},
	year = {2000},
	keywords = {@ Dissertation, @ Prelim, @ To Read},
}

@article{habermas_political_2006,
	title = {Political communication in media society: {Does} democracy still enjoy an epistemic dimension? {The} impact of normative theory on empirical research},
	volume = {16},
	number = {4},
	journal = {Communication theory},
	author = {Habermas, Jürgen},
	year = {2006},
	keywords = {@ Dissertation, @ Prelim, @ Refonly},
	pages = {411--426},
}

@article{geiger_does_2009,
	title = {Does {Habermas} understand the {Internet}? {The} algorithmic construction of the blogo/public sphere},
	author = {Geiger, R Stuart},
	year = {2009},
	keywords = {@ Dissertation, @ Prelim, @ Summarized, Consensus, Teams, Decentralization, Brokers},
}

@article{borge-holthoefer_dynamics_2016,
	title = {The dynamics of information-driven coordination phenomena: {A} transfer entropy analysis},
	volume = {2},
	number = {4},
	journal = {Science advances},
	author = {Borge-Holthoefer, Javier and Perra, Nicola and Gonçalves, Bruno and González-Bailón, Sandra and Arenas, Alex and Moreno, Yamir and Vespignani, Alessandro},
	year = {2016},
	keywords = {@ Dissertation, Networks, @ Prelim, Consensus, Collective action},
	pages = {e1501158},
}

@article{landau_dominance_1951,
	title = {On dominance relations and the structure of animal societies: {I}. {Effect} of inherent characteristics},
	volume = {13},
	number = {1},
	journal = {The bulletin of mathematical biophysics},
	author = {Landau, Hyman G},
	year = {1951},
	keywords = {@ Dissertation, @ Prelim, @ Refonly},
	pages = {1--19},
}

@article{newcomb_prediction_1956,
	title = {The prediction of interpersonal attraction.},
	volume = {11},
	number = {11},
	journal = {American psychologist},
	author = {Newcomb, Theodore M},
	year = {1956},
	keywords = {@ Dissertation, @ Prelim, @ Refonly},
	pages = {575},
}

@article{newcomb_approach_1953,
	title = {An approach to the study of communicative acts.},
	volume = {60},
	number = {6},
	journal = {Psychological review},
	author = {Newcomb, Theodore M},
	year = {1953},
	keywords = {@ Dissertation, @ Prelim, @ Refonly},
	pages = {393},
}

@article{heider_attitudes_1946,
	title = {Attitudes and cognitive organization},
	volume = {21},
	number = {1},
	journal = {The Journal of psychology},
	author = {Heider, Fritz},
	year = {1946},
	keywords = {@ Dissertation, @ Prelim, @ Refonly},
	pages = {107--112},
}

@article{rapoport_mathematical_1963,
	title = {Mathematical models of social interaction},
	author = {Rapoport, Anatol},
	year = {1963},
	keywords = {@ Dissertation, Networks, @ Prelim, @ Summarized, Teams, Hierarchy, Sociology, Balance Theory},
	file = {2837173.pdf:/Users/elplatt/Zotero/storage/88ZESPSD/2837173.pdf:application/pdf},
}

@article{march_exploration_1991,
	title = {Exploration and exploitation in organizational learning},
	volume = {2},
	number = {1},
	journal = {Organization science},
	author = {March, James G},
	year = {1991},
	keywords = {@ Dissertation, @ Prelim, Organizations, Exploration Exploitation},
	pages = {71--87},
}

@article{franco_anatomy_1995,
	title = {Anatomy of a flame: conflict and community building on the {Internet}},
	volume = {14},
	number = {2},
	journal = {IEEE Technology and Society Magazine},
	author = {Franco, V and Piirto, R and Hu, H-Y and Lewenstein, BV and Underwood, R and Vidal, NK},
	year = {1995},
	keywords = {@ Dissertation, @ Prelim, @ Summarized, Consensus, Deliberation, Conflict, Retention},
	pages = {12--21},
}

@article{conway_how_1968,
	title = {How do committees invent},
	volume = {14},
	number = {4},
	journal = {Datamation},
	author = {Conway, Melvin E},
	year = {1968},
	keywords = {@ Dissertation, Networks, @ Prelim, @ Summarized, Teams, Coordination, Hierarchy, Heterarchy, Organizations, Interdependence},
	pages = {28--31},
}

@article{landa_game_2009,
	title = {Game theory, information, and deliberative democracy},
	volume = {53},
	number = {2},
	journal = {American journal of political science},
	author = {Landa, Dimitri and Meirowitz, Adam},
	year = {2009},
	keywords = {@ Dissertation, @ Prelim, @ Refonly},
	pages = {427--444},
}

@article{friendkin_social_1999,
	title = {Social influence networks and opinion change},
	volume = {16},
	journal = {Adv Group Proc},
	author = {Friendkin, NE and Johnsen, EC},
	year = {1999},
	keywords = {@ Dissertation, @ Prelim, @ Refonly},
	pages = {1--29},
}

@article{abelson_mathematical_1964,
	title = {Mathematical models of the distribution of attitudes under controversy},
	volume = {14},
	journal = {Contributions to mathematical psychology},
	author = {Abelson, Robert P},
	year = {1964},
	keywords = {@ Dissertation, @ Prelim, @ Refonly},
	pages = {1--160},
}

@article{french_jr_formal_1956,
	title = {A formal theory of social power.},
	volume = {63},
	number = {3},
	journal = {Psychological review},
	author = {French Jr, John RP},
	year = {1956},
	keywords = {@ Dissertation, @ Prelim, @ Refonly},
	pages = {181},
}

@article{asch_opinions_1955,
	title = {Opinions and social pressure},
	volume = {193},
	number = {5},
	journal = {Scientific American},
	author = {Asch, Solomon E},
	year = {1955},
	keywords = {@ Dissertation, @ Prelim, @ Refonly},
	pages = {31--35},
}

@article{zollman_social_2012,
	title = {Social network structure and the achievement of consensus},
	volume = {11},
	number = {1},
	journal = {Politics, Philosophy \& Economics},
	author = {Zollman, Kevin JS},
	year = {2012},
	keywords = {@ Dissertation, Networks, @ Prelim, @ Summarized, Consensus, Trust, Spatial Models},
	pages = {26--44},
}

@article{hill_group_1982,
	title = {Group versus individual performance: {Are} {N}+ 1 heads better than one?},
	volume = {91},
	number = {3},
	journal = {Psychological bulletin},
	author = {Hill, Gayle W},
	year = {1982},
	keywords = {@ Dissertation, @ Prelim, @ Summarized, Teams, Coordination, Organizations, Interdependence, Exploration Exploitation},
	pages = {517},
}

@article{demarzo_persuasion_2003,
	title = {Persuasion bias, social influence, and unidimensional opinions},
	volume = {118},
	number = {3},
	journal = {The Quarterly Journal of Economics},
	author = {DeMarzo, Peter M and Vayanos, Dimitri and Zwiebel, Jeffrey},
	year = {2003},
	keywords = {@ Dissertation, @ Prelim, @ Refonly},
	pages = {909--968},
}

@article{gonzalez-bailon_emergence_2014,
	title = {The emergence of roles in large-scale networks of communication},
	volume = {3},
	number = {1},
	journal = {EPJ Data Science},
	author = {González-Bailón, Sandra and Wang, Ning and Borge-Holthoefer, Javier},
	year = {2014},
	keywords = {@ Dissertation, @ Prelim},
	pages = {32},
}

@inproceedings{viegas_hidden_2007,
	title = {The hidden order of {Wikipedia}},
	booktitle = {International conference on {Online} communities and social computing},
	publisher = {Springer},
	author = {Viégas, Fernanda B and Wattenberg, Martin and McKeon, Matthew M},
	year = {2007},
	keywords = {@ Dissertation, @ Prelim, @ Summarized, Wikipedia, Commons, Decentralization, Heterarchy, Self-Organization, Governance, Peer Production},
	pages = {445--454},
}

@book{weber_economy_1978,
	title = {Economy and society: {An} outline of interpretive sociology},
	volume = {1},
	publisher = {Univ of California Press},
	author = {Weber, Max},
	year = {1978},
	keywords = {@ Dissertation, @ Prelim, @ Refonly, Hierarchy, Sociology, Bureaucracy},
}

@inproceedings{tyler_115_2004,
	title = {115 and counting: {The} state of {ODR} 2004},
	booktitle = {Melissa {Conley} {Tyler}, {Ethan} {Katsh}, and {Daewon} {Choi}, editors, {Proceedings} of the {Third} {Annual} {Forum} on {Online} {Dispute} {Resolution}},
	author = {Tyler, Melissa Conley},
	year = {2004},
	keywords = {@ Dissertation, @ Prelim, Conflict, @ Maybe, Online Communities},
}

@book{turner_surveying_1985,
	title = {Surveying subjective phenomena},
	volume = {2},
	publisher = {Russell Sage Foundation},
	author = {Turner, Charles and Martin, Elizabeth},
	year = {1985},
	keywords = {@ Dissertation, @ Prelim, @ Maybe},
}

@book{reinelt_linear_1985,
	title = {The linear ordering problem: algorithms and applications},
	volume = {8},
	publisher = {Heldermann},
	author = {Reinelt, Gerhard},
	year = {1985},
	keywords = {@ Dissertation, Networks, @ Prelim, Social Networks, Hierarchy, @ Maybe},
}

@inproceedings{ostrom_organization_1999,
	title = {The organization of government in metropolitan areas: {A} theoretical inquiry},
	booktitle = {Polycentricity and local public economies: {Readings} from the workshop in political theory and policy analysis},
	publisher = {University of Michigan Press},
	author = {Ostrom, Vincent and Tiebout, Charles M and Warren, Robert},
	year = {1999},
	keywords = {@ Dissertation, @ Prelim, Decentralization, Economics, Decision-making, @ Maybe},
	pages = {31--51},
}

@article{march_organizations._1958,
	title = {Organizations.},
	author = {March, James G and Simon, Herbert Alexander},
	year = {1958},
	keywords = {@ Dissertation, @ Prelim, Social Learning, Organizations, @ Maybe},
}

@book{lessig_code:_2009,
	title = {Code: {And} other laws of cyberspace},
	publisher = {ReadHowYouWant. com},
	author = {Lessig, Lawrence},
	year = {2009},
	keywords = {@ Dissertation, @ Prelim, @ Maybe},
}

@book{holland_adaptation_1992,
	title = {Adaptation in natural and artificial systems: an introductory analysis with applications to biology, control, and artificial intelligence},
	publisher = {MIT press},
	author = {Holland, John Henry},
	year = {1992},
	keywords = {@ Dissertation, @ Prelim, Social Learning, @ Maybe, Exploration Exploitation, Genetic Algorithms},
}

@article{fjermestad_assessment_1998,
	title = {An assessment of group support systems experimental research: methodology and results},
	volume = {15},
	number = {3},
	journal = {Journal of Management Information Systems},
	author = {Fjermestad, Jerry and Hiltz, Starr Roxanne},
	year = {1998},
	keywords = {@ Dissertation, @ Prelim, Decision-making, @ Maybe, CSCW},
	pages = {7--149},
}

@book{arrow_limits_1974,
	title = {The limits of organization},
	publisher = {WW Norton \& Company},
	author = {Arrow, Kenneth J},
	year = {1974},
	keywords = {@ Dissertation, @ Prelim, Economics, Organizations, Trust, @ Maybe},
}

@article{ali_minimum_1986,
	title = {On the minimum violations ranking of a tournament},
	volume = {32},
	number = {6},
	journal = {Management Science},
	author = {Ali, Iqbal and Cook, Wade D and Kress, Moshe},
	year = {1986},
	keywords = {@ Dissertation, Networks, @ Prelim, Social Networks, Hierarchy, @ Maybe},
	pages = {660--672},
}

@article{grim_scientific_2013-1,
	title = {Scientific networks on data landscapes: question difficulty, epistemic success, and convergence},
	volume = {10},
	number = {4},
	journal = {Episteme},
	author = {Grim, Patrick and Singer, Daniel J and Fisher, Steven and Bramson, Aaron and Berger, William J and Reade, Christopher and Flocken, Carissa and Sales, Adam},
	year = {2013},
	keywords = {@ Dissertation, Networks, @ Prelim, @ Summarized, Social Learning, Social Movements},
	pages = {441--464},
}

@article{kearns_experimental_2006,
	title = {An experimental study of the coloring problem on human subject networks},
	volume = {313},
	number = {5788},
	journal = {Science},
	author = {Kearns, Michael and Suri, Siddharth and Montfort, Nick},
	year = {2006},
	keywords = {@ Dissertation, Networks, @ Precandidacy, Consensus, Coordination, Hierarchy, Self-Organization},
	pages = {824--827},
	file = {Algorithm_design.pdf:/Users/elplatt/Zotero/storage/HAVX27EI/Algorithm_design.pdf:application/pdf},
}

@inproceedings{kling_voting_2015,
	title = {Voting {Behaviour} and {Power} in {Online} {Democracy}: {A} {Study} of {LiquidFeedback} in {Germany}'s {Pirate} {Party}},
	booktitle = {Ninth {International} {AAAI} {Conference} on {Web} and {Social} {Media}},
	author = {Kling, Christoph Carl and Kunegis, Jérôme and Hartmann, Heinrich and Strohmaier, Markus and Staab, Steffen},
	year = {2015},
	keywords = {@ Dissertation, @ Prelim, @ Summarized, Democracy, Hierarchy, Decentralization, Empirical, Tools},
}

@article{clinton_statistical_2004,
	title = {The statistical analysis of roll call data},
	volume = {98},
	number = {2},
	journal = {American Political Science Review},
	author = {Clinton, Joshua and Jackman, Simon and Rivers, Douglas},
	year = {2004},
	keywords = {@ Dissertation, @ Prelim, @ Summarized, Democracy, Social Choice, Decision-making, Spatial Models, Political Science},
	pages = {355--370},
	file = {statistical_analysis_of_roll_call_data.pdf:/Users/elplatt/Zotero/storage/ALVB2XZY/statistical_analysis_of_roll_call_data.pdf:application/pdf},
}

@incollection{axelrod_evolutionary_1997,
	title = {An {Evolutionary} {Approah} to {Norms}},
	booktitle = {The complexity of cooperation: {Agent}-based models of competition and collaboration},
	publisher = {Princeton University Press},
	author = {Axelrod, Robert M},
	year = {1997},
	keywords = {@ Dissertation, @ Prelim, @ Summarized, Social Learning, Economics, Cooperation, Punishment, Trust, Collective Intelligence, Signaling, Genetic Algorithms, Game Theory, Prisoner's Dilemma},
}

@incollection{axelrod_evolution_1997,
	title = {The {Evolution} of {Strategies} in the {Iterated} {Prisoner}’s {Dilemma}},
	booktitle = {The complexity of cooperation: {Agent}-based models of competition and collaboration},
	publisher = {Princeton University Press},
	author = {Axelrod, Robert M},
	year = {1997},
	keywords = {@ Dissertation, @ Prelim, @ Summarized, Social Learning, Economics, Cooperation, Trust, Collective Intelligence, Genetic Algorithms, Game Theory, Prisoner's Dilemma},
}

@inproceedings{forte_scaling_2008,
	title = {Scaling consensus: {Increasing} decentralization in {Wikipedia} governance},
	booktitle = {Hawaii {International} {Conference} on {System} {Sciences}, {Proceedings} of the 41st {Annual}},
	publisher = {IEEE},
	author = {Forte, Andrea and Bruckman, Amy},
	year = {2008},
	keywords = {@ Dissertation, @ Prelim, @ Summarized, Consensus, Democracy, Hierarchy, Wikipedia, Decentralization, Conflict, Boundaries, Exploration Exploitation, Bureaucracy},
	pages = {157--157},
	file = {ForteBruckmanScalingConsensus.pdf:/Users/elplatt/Zotero/storage/Y4MQRMR8/ForteBruckmanScalingConsensus.pdf:application/pdf},
}

@article{kittur_power_2007,
	title = {Power of the few vs. wisdom of the crowd: {Wikipedia} and the rise of the bourgeoisie},
	volume = {1},
	number = {2},
	journal = {World wide web},
	author = {Kittur, Aniket and Chi, Ed and Pendleton, Bryan A and Suh, Bongwon and Mytkowicz, Todd},
	year = {2007},
	keywords = {@ Dissertation, @ Prelim, @ Summarized, Consensus, Wikipedia, Decentralization, Inequality, Collective Intelligence},
	pages = {19},
	file = {Power_of_the_Few_vs_Wisdom_of_the_Crowd_Wikipedia_.pdf:/Users/elplatt/Zotero/storage/QILIPAKR/Power_of_the_Few_vs_Wisdom_of_the_Crowd_Wikipedia_.pdf:application/pdf},
}

@inproceedings{kittur_he_2007,
	title = {He says, she says: conflict and coordination in {Wikipedia}},
	booktitle = {Proceedings of the {SIGCHI} conference on {Human} factors in computing systems},
	publisher = {ACM},
	author = {Kittur, Aniket and Suh, Bongwon and Pendleton, Bryan A and Chi, Ed H},
	year = {2007},
	keywords = {@ Dissertation, @ Prelim, @ Summarized, Consensus, Coordination, Wikipedia, Conflict, Collective Intelligence},
	pages = {453--462},
	file = {He_Says_She_Says_Conflict_and_Coordination_in_Wiki.pdf:/Users/elplatt/Zotero/storage/4S4VTCMA/He_Says_She_Says_Conflict_and_Coordination_in_Wiki.pdf:application/pdf},
}

@inproceedings{kittur_harnessing_2008,
	title = {Harnessing the wisdom of crowds in wikipedia: quality through coordination},
	booktitle = {Proceedings of the 2008 {ACM} conference on {Computer} supported cooperative work},
	publisher = {ACM},
	author = {Kittur, Aniket and Kraut, Robert E},
	year = {2008},
	keywords = {@ Dissertation, Networks, @ Precandidacy, @ Prelim, @ Summarized, Consensus, Coordination, Wikipedia, Inequality, Crowd Size, Collective Intelligence},
	pages = {37--46},
	file = {Harnessing the Wisdom of Crowds in Wikipedia- Quality through Coo.pdf:/Users/elplatt/Zotero/storage/6TD7VVKV/Harnessing the Wisdom of Crowds in Wikipedia- Quality through Coo.pdf:application/pdf},
}

@inproceedings{tonkinson_egalitarianism_1988,
	title = {Egalitarianism and inequality in a {Western} {Desert} culture},
	volume = {5},
	booktitle = {Anthropological {Forum}},
	publisher = {Taylor \& Francis},
	author = {Tonkinson, Robert},
	year = {1988},
	keywords = {@ Dissertation, @ Prelim, @ Summarized, Hierarchy, Anthropology, Conflict, Heterarchy, Punishment},
	pages = {545--558},
}

@article{ostrom_beyond_2010,
	title = {Beyond markets and states: polycentric governance of complex economic systems},
	volume = {2},
	number = {2},
	journal = {Transnational Corporations Review},
	author = {Ostrom, Elinor},
	year = {2010},
	keywords = {@ Dissertation, @ Prelim, @ Summarized, Commons, Decentralization, Economics, Conflict, Heterarchy, Self-Organization, Boundaries, Decision-making, Trust},
	pages = {1--12},
}

@inproceedings{robert_crowd_2015,
	title = {Crowd size, diversity and performance},
	booktitle = {Proceedings of the 33rd {Annual} {ACM} {Conference} on {Human} {Factors} in {Computing} {Systems}},
	publisher = {ACM},
	author = {Robert, Lionel and Romero, Daniel M},
	year = {2015},
	keywords = {@ Dissertation, Networks, @ Precandidacy, @ Prelim, @ Summarized, Consensus, Diversity, Crowd Size, Boundaries, Retention, WIkipedia},
	pages = {1379--1382},
}

@inproceedings{romero_coordination_2015,
	title = {Coordination and {Efficiency} in {Decentralized} {Collaboration}.},
	booktitle = {{ICWSM}},
	author = {Romero, Daniel M and Huttenlocher, Dan and Kleinberg, Jon M},
	year = {2015},
	keywords = {@ Dissertation, @ Prelim, @ Summarized, Coordination, Wikipedia, Decentralization, Inequality, Crowd Size, Trust, Github},
	pages = {367--376},
	file = {decentralized_collaboration.pdf:/Users/elplatt/Zotero/storage/62RGIWG7/decentralized_collaboration.pdf:application/pdf},
}

@inproceedings{kittur_coordination_2009,
	title = {Coordination in collective intelligence: the role of team structure and task interdependence},
	booktitle = {Proceedings of the {SIGCHI} conference on human factors in computing systems},
	publisher = {ACM},
	author = {Kittur, Aniket and Lee, Bryant and Kraut, Robert E},
	year = {2009},
	keywords = {@ Dissertation, @ Prelim, @ Summarized, Consensus, Teams, Coordination, Wikipedia, Interdependence},
	pages = {1495--1504},
	file = {p1495-kittur.pdf:/Users/elplatt/Zotero/storage/HNTJ667J/p1495-kittur.pdf:application/pdf},
}

@article{davis_expository_1970,
	title = {An expository development of a mathematical model of the electoral process},
	volume = {64},
	number = {2},
	journal = {American Political Science Review},
	author = {Davis, Otto A and Hinich, Melvin J and Ordeshook, Peter C},
	year = {1970},
	keywords = {@ Dissertation, @ Prelim, @ Summarized, Democracy, Social Choice, Decision-making, Spatial Models, Political Science},
	pages = {426--448},
	file = {1953842.pdf:/Users/elplatt/Zotero/storage/EGABEQTK/1953842.pdf:application/pdf},
}

@article{salganik_wiki_2015,
	title = {Wiki surveys: {Open} and quantifiable social data collection},
	volume = {10},
	number = {5},
	journal = {PloS one},
	author = {Salganik, Matthew J and Levy, Karen EC},
	year = {2015},
	keywords = {@ Dissertation, @ Prelim, @ Summarized, Social Choice, Decentralization, Decision-making, Sociology, Methodology, Surveys},
	pages = {e0123483},
	file = {out.pdf:/Users/elplatt/Zotero/storage/HH5IF9XQ/out.pdf:application/pdf},
}

@article{granovetter_strength_1973,
	title = {The strength of weak ties},
	journal = {American journal of sociology},
	author = {Granovetter, Mark S},
	year = {1973},
	keywords = {@ Dissertation, Networks, @ Precandidacy, @ Prelim, @ Summarized, Bridges, Brokers, Weak Ties, Power},
	pages = {1360--1380},
}

@inproceedings{viegas_studying_2004,
	title = {Studying cooperation and conflict between authors with history flow visualizations},
	booktitle = {Proceedings of the {SIGCHI} conference on {Human} factors in computing systems},
	publisher = {ACM},
	author = {Viégas, Fernanda B and Wattenberg, Martin and Dave, Kushal},
	year = {2004},
	keywords = {@ Dissertation, @ Prelim, @ Summarized, Decentralization, Conflict, Collective Intelligence, Visualization},
	pages = {575--582},
}

@book{sharp_people_1958,
	title = {People without politics},
	publisher = {Bobbs-Merrill},
	author = {Sharp, Lauriston},
	year = {1958},
	keywords = {@ Dissertation, @ Prelim, @ Summarized, Hierarchy, Decentralization, Anthropology, Heterarchy},
	file = {2829653.pdf:/Users/elplatt/Zotero/storage/WM9RKMYU/2829653.pdf:application/pdf},
}

@article{nishi_inequality_2015,
	title = {Inequality and visibility of wealth in experimental social networks},
	volume = {526},
	number = {7573},
	journal = {Nature},
	author = {Nishi, Akihiro and Shirado, Hirokazu and Rand, David G and Christakis, Nicholas A},
	year = {2015},
	keywords = {@ Dissertation, Networks, @ Prelim, @ Summarized, Hierarchy, Economics, Inequality, Signaling},
	pages = {426},
}

@article{gray_home_2015,
	title = {Home care by self-governing nursing teams: the {Netherlands}’ {Buurtzorg} model},
	journal = {The Commonwealth Fund},
	author = {Gray, Bradford H and Sarnak, Dana O and Burgers, Jako S},
	year = {2015},
	keywords = {@ Dissertation, @ Prelim, @ Summarized, Teams, Hierarchy, Self-Organization, Case Studies},
	file = {2000250-Home-Care-by-Self-Governing-Nursing-Teams-The-Netherlands'-Buurtzorg-Model.pdf:/Users/elplatt/Zotero/storage/UVLP5E7U/2000250-Home-Care-by-Self-Governing-Nursing-Teams-The-Netherlands'-Buurtzorg-Model.pdf:application/pdf},
}

@book{cialdini_influence:_2007,
	title = {Influence: {The} psychology of persuasion},
	publisher = {Collins New York},
	author = {Cialdini, Robert B and Cialdini, Robert B},
	year = {2007},
	keywords = {@ Dissertation, @ Prelim, @ Refonly, Decision-making, Psychology, Social Proof},
}

@article{leuf_wiki_2001,
	title = {The {Wiki} way: quick collaboration on the {Web}},
	author = {Leuf, Bo and Cunningham, Ward},
	year = {2001},
	keywords = {@ Dissertation, @ Prelim, @ Refonly, Wikipedia},
}

@article{cartwright_structural_1965,
	title = {Structural models: {An} introduction to the theory of directed graphs},
	journal = {New York},
	author = {Cartwright, Dorwin and Harary, Frank and Norman, R},
	year = {1965},
	keywords = {@ Dissertation, Networks, @ Prelim, @ Refonly, Bridges, Balance Theory},
}

@article{acemoglu_bayesian_2011,
	title = {Bayesian learning in social networks},
	volume = {78},
	number = {4},
	journal = {The Review of Economic Studies},
	author = {Acemoglu, Daron and Dahleh, Munther A and Lobel, Ilan and Ozdaglar, Asuman},
	year = {2011},
	keywords = {@ Dissertation, Networks, @ Prelim, Social Learning, Bayesian},
	pages = {1201--1236},
}

@book{cohen_applied_2013,
	title = {Applied multiple regression/correlation analysis for the behavioral sciences},
	publisher = {Routledge},
	author = {Cohen, Jacob and Cohen, Patricia and West, Stephen G and Aiken, Leona S},
	year = {2013},
	keywords = {@ Dissertation, @ Prelim, @ Refonly, Regression, Methodology},
}

@article{stern_continuum_1990,
	title = {A continuum of paired comparisons models},
	volume = {77},
	number = {2},
	journal = {Biometrika},
	author = {Stern, Hal},
	year = {1990},
	keywords = {@ Dissertation, @ Prelim},
	pages = {265--273},
}

@book{brooks_jr_mythical_1995,
	title = {The {Mythical} {Man}-{Month}: {Essays} on {Software} {Engineering}, {Anniversary} {Edition}, 2/{E}},
	publisher = {Pearson Education India},
	author = {Brooks Jr, Frederick P},
	year = {1995},
	keywords = {@ Dissertation, @ Prelim, @ Refonly},
}

@article{stewart_meta-analytic_2006,
	title = {A meta-analytic review of relationships between team design features and team performance},
	volume = {32},
	number = {1},
	journal = {Journal of management},
	author = {Stewart, Greg L},
	year = {2006},
	keywords = {@ Dissertation, @ Prelim},
	pages = {29--55},
}

@article{redfield_how_1956,
	title = {How human society operates},
	journal = {Man, Culture, and Society},
	author = {Redfield, Robert},
	year = {1956},
	keywords = {@ Dissertation, @ Prelim, @ Refonly},
	pages = {345--371},
}

@techreport{hoebel_man_1958,
	title = {Man in primitive world: an introduction to anthropology.},
	author = {Hoebel, E Adamson},
	year = {1958},
	keywords = {@ Dissertation, @ Prelim, @ Refonly, Anthropology, Sociology},
}

@article{raymond_cathedral_1999,
	title = {The cathedral and the bazaar},
	volume = {12},
	number = {3},
	journal = {Knowledge, Technology \& Policy},
	author = {Raymond, Eric},
	year = {1999},
	note = {Publisher: Springer},
	keywords = {@ Dissertation},
	pages = {23--49},
}

@book{tufekci_twitter_2017,
	title = {Twitter and tear gas},
	publisher = {Yale University Press},
	author = {Tufekci, Zeynep},
	year = {2017},
	keywords = {@ Dissertation},
}

@misc{platt_english_2018,
	title = {English {WikiProject} coeditor networks and quality assessments},
	author = {Platt, Edward L and Livneh, Danielle and Ramanathan, Karthik and Romero, Daniel M.},
	year = {2018},
	keywords = {@ Dissertation},
}

@article{boccaletti_complex_2006,
	title = {Complex networks: {Structure} and dynamics},
	volume = {424},
	number = {4-5},
	journal = {Physics reports},
	author = {Boccaletti, Stefano and Latora, Vito and Moreno, Yamir and Chavez, Martin and Hwang, D-U},
	year = {2006},
	note = {Publisher: Elsevier},
	keywords = {@ Dissertation},
	pages = {175--308},
}

@article{chen_otreeopen-source_2016,
	title = {{oTree}—{An} open-source platform for laboratory, online, and field experiments},
	volume = {9},
	journal = {Journal of Behavioral and Experimental Finance},
	author = {Chen, Daniel L and Schonger, Martin and Wickens, Chris},
	year = {2016},
	note = {Publisher: Elsevier},
	keywords = {@ Dissertation},
	pages = {88--97},
}

@article{shieh_weighted_1998,
	title = {A weighted {Kendall}'s tau statistic},
	volume = {39},
	number = {1},
	journal = {Statistics \& probability letters},
	author = {Shieh, Grace S},
	year = {1998},
	note = {Publisher: Elsevier},
	keywords = {@ Dissertation, Social Choice, Voting, Distance Metrics},
	pages = {17--24},
}

@article{can_weighted_2014,
	title = {Weighted distances between preferences},
	volume = {51},
	journal = {Journal of Mathematical Economics},
	author = {Can, Burak},
	year = {2014},
	note = {Publisher: Elsevier},
	keywords = {@ Dissertation, Social Choice, Voting, Distance Metrics},
	pages = {109--115},
}

@article{rousseeuw_silhouettes_1987,
	title = {Silhouettes: a graphical aid to the interpretation and validation of cluster analysis},
	volume = {20},
	journal = {Journal of computational and applied mathematics},
	author = {Rousseeuw, Peter J},
	year = {1987},
	note = {Publisher: Elsevier},
	keywords = {@ Dissertation, Community Detection, Clustering},
	pages = {53--65},
}

@article{mccarthy_resource_1977,
	title = {Resource mobilization and social movements: {A} partial theory},
	volume = {82},
	number = {6},
	journal = {American journal of sociology},
	author = {McCarthy, John D and Zald, Mayer N},
	year = {1977},
	note = {Publisher: University of Chicago Press},
	keywords = {@ Dissertation},
	pages = {1212--1241},
}

@book{gaertner_primer_2009,
	title = {A primer in social choice theory: {Revised} edition},
	publisher = {Oxford University Press},
	author = {Gaertner, Wulf},
	year = {2009},
	keywords = {@ Dissertation},
}

@article{walzer_day_1971,
	title = {A {Day} in the {Life} of a {Socialist} {Citizen}},
	journal = {Democracy: A Reader},
	author = {Walzer, Michael},
	year = {1971},
	keywords = {@ Dissertation},
}

@article{campbell_ethnocentrism_1969,
	title = {Ethnocentrism of {Disciplines} and the {Fish}-{Scale} {Model} of {Omniscence}},
	journal = {Interdisciplinary Relationships in the Social Sciences, ed. M. Sherif and CW Sherif. Chicago: Aldine Publishing Co},
	author = {Campbell, Donald T},
	year = {1969},
	keywords = {@ Dissertation},
}

@misc{noauthor_wikipediastatistics_2022,
	title = {Wikipedia:{Statistics}},
	author = {Wikipedia contributors},
	url = {https://en.wikipedia.org/w/index.php?title=Wikipedia:Statistics&oldid=1093067575},
	urldate = {2022-07-07},
	journal = {Wikipedia},
	publisher = {},
	year = 2022,
	keywords = {@ Dissertation},
}
